2400 3848
406 195 613 245 cananeum
635 197 710 245 aar.
727 197 786 245 vn.
1040 184 1081 248 61

82 415 85 418 Α
113 354 168 416 per
188 355 220 396 se
243 337 346 414 positis
366 338 443 397 notis
464 335 626 414 aequaliter
646 339 741 416 posita
764 345 817 399 est.
863 340 1015 400 summitas
1037 349 1082 399 est

115 421 195 500 quod
223 419 437 496 longitudinem
463 430 493 482 et
512 425 702 483 latitudinem
723 430 834 482 tantum
856 423 954 484 habet.
1000 434 1116 484 sum-2

113 507 223 565 mitatis
244 505 317 565 fines
337 505 432 566 lineae
453 515 557 567 sunt*
579 500 679 584 plana,
706 524 782 583 qnae
803 506 910 568 elicitur
932 509 1081 586 epipedos,

113 591 266 651 summitas
288 599 332 650 est
352 607 427 670 quae
447 608 589 668 superse
610 591 713 669 positis
733 593 823 652 rectis
844 591 930 653 lineis
953 593 1082 671 aequali·

78 683 160 735 oter
181 672 277 752 posita
293 682 349 743 est,
371 675 417 735 vel
433 694 508 754 quae
522 677 584 736 suis
599 674 707 735 linibus
727 676 890 754 aequaliter
912 679 1005 756 posita
1027 687 1079 737 est.

111 759 221 839 planus
249 758 374 836 angulus
398 759 497 820 estin
523 759 642 837 planitie
665 759 790 820 duarum
818 759 961 823 linearum
984 780 1082 822 none

114 844 237 919 regione
258 847 420 922 positarum
442 845 478 904 ad
501 863 593 905 unum
615 846 733 920 signum
749 847 924 923 contingens
940 848 1081 906 curvatio.

103 928 189 988 ’haec
210 927 305 988 lineae
321 947 397 1007 quae
418 928 559 1007 angulum
580 931 734 989 continent
748 946 815 988 cum
837 937 936 991 rectae
951 937 1033 1000 sunt,
1058 933 1083 990 is

114 1010 240 1090 angulus
258 1014 347 1072 rectis
368 1013 452 1074 lineis
473 1015 620 1074 contineri
639 1013 755 1073 dicitur.
792 1015 818 1073 si
839 1021 920 1074 recta
941 1014 1017 1075 linea
1033 1026 1118 1076 sua

63 1108 96 1156 to
114 1114 168 1176 pra
183 1103 295 1157 rectam
314 1095 421 1159 lineam
438 1106 518 1159 stans
535 1100 692 1158 continuos
712 1097 836 1175 angulos
855 1099 934 1158 inter
949 1119 981 1159 se
997 1117 1083 1176 pares

114 1180 198 1249 lacit,
220 1191 283 1242 tum
305 1188 431 1259 uterque
452 1202 488 1243 ex
510 1182 632 1260 paribus
653 1180 769 1260 angulis
789 1190 890 1244 rectus
911 1183 1031 1252 dicitnr,
1055 1193 1084 1242 et

114 1282 148 1326 ea
164 1265 241 1326 linea
258 1267 371 1328 Graece
387 1267 534 1335 cathetus,
557 1267 660 1327 Latine
675 1265 817 1327 normalis
833 1267 949 1328 dicitur.
982 1276 1083 1328 rectus

114 1349 241 1426 angulus
257 1359 301 1411 est
317 1350 449 1411 modicus
465 1360 494 1411 et
509 1351 565 1410 sibi
577 1368 755 1429 congruens,
772 1351 864 1412 hebes
880 1355 975 1413 maior
990 1361 1081 1421 recto,

115 1444 218 1496 acutus
234 1437 330 1495 minor
345 1448 437 1497 recto.

66 1641 96 1688 15
484 1639 534 1688 DE
552 1637 710 1698 FIGURIS.
1100 1636 1118 1696 7

179 1773 287 1849 Figura
309 1781 353 1833 est
368 1791 443 1851 qnae
463 1771 562 1850 aliquo
578 1773 637 1832 tine
658 1781 708 1833 aut
728 1771 874 1851 aliquibus
889 1772 996 1834 linibus
1012 1792 1083 1833 con·

114 1857 234 1917 tinctor.
270 1857 399 1918 circulus
415 1864 458 1916 est
473 1858 567 1934 ligura
588 1857 676 1934 plana
696 1874 753 1917 una
768 1857 846 1918 linea
868 1858 1083 1936 conprehensa,

117 1938 169 2000 †in
186 1958 274 2017 quem
289 1943 403 2003 mediae
419 1960 523 2002 omnes
540 1941 634 2002 lineae
654 1943 733 2002 inter
749 1959 781 2002 se
797 1959 883 2020 pares
898 1950 977 2003 sunt.
1013 1960 1083 2002 cen·

115 2033 184 2086 tron
200 2034 245 2086 est
260 2034 328 2086 nota
345 2025 449 2086 circuli
464 2026 562 2086 medii.
595 2025 760 2087 diametron
783 2037 826 2086 est
840 2035 922 2087 recta
937 2027 1015 2086 linea
1031 2044 1084 2104 per
1103 2037 1119 2084 2

68 2120 100 2169 20
118 2118 242 2170 centron
257 2112 377 2172 inmissa
399 2117 428 2171 et
449 2113 479 2170 in
503 2120 660 2190 utramque
675 2118 793 2188 partem
808 2128 912 2172 secans
928 2109 1083 2172 circulum.

118 2193 325 2272 hemicyclium
338 2194 440 2255 circuli
452 2195 616 2255 dimidium.
635 2195 878 2274 euthygrammoe
890 2196 1004 2256 lormae
1017 2205 1087 2256 sunt

117 2297 193 2357 quae
213 2282 303 2339 rectis
323 2279 409 2339 lineis
430 2280 627 2340 continentur.
668 2280 819 2356 trigonum
841 2278 1021 2347 trilaterum,
1044 2289 1085 2340 te·

117 2371 280 2440 aragonum
307 2364 387 2442 quod
414 2374 567 2445 quattuor,
597 2362 809 2424 multllaternm
837 2363 916 2442 quoti
937 2363 1082 2441 pluribus.

185 2637 209 2683 l.
227 2634 318 2684 noctis
341 2635 368 2684 V
426 2633 522 2699 postris
535 2650 567 2684 ea
580 2645 725 2684 summissa
738 2646 787 2683 esa
801 2634 861 2691 DV,
880 2650 949 2684 corr.
966 2635 1088 2685 Cauchius

116 2704 141 2752 2.
161 2705 189 2751 et
206 2701 383 2753 latitudinem
401 2704 463 2756 odd.
481 2702 580 2753 Ialmus
598 2717 633 2751 ex
650 2700 734 2751 Balbo
749 2702 877 2765 p.99,12
892 2701 1018 2766 (boclam)

116 2771 141 2820 3.
160 2782 234 2819 rents
252 2778 350 2820 cineae
370 2784 457 2835 supera
474 2784 568 2834 poena
585 2768 646 2827 DV,
665 2784 734 2819 corr.
755 2768 878 2818 Cauchius
945 2770 970 2822 8.
989 2769 1042 2819 hae
1065 2770 1091 2819 V

115 2839 189 2901 vulgo
258 2839 391 2887 necrol)
462 2850 523 2886 stur
545 2837 611 2895 DV,
635 2851 705 2888 com.
728 2835 861 2886 Manutius
929 2836 973 2887 hts
996 2838 1020 2886 D

117 2905 158 2952 11.
182 2904 253 2954 fecit
278 2906 303 2954 V
370 2900 443 2970 tum]
473 2916 589 2954 nanuum
618 2904 675 2952 DV
741 2903 781 2952 12.
811 2918 844 2952 sa
868 2918 969 2954 artene
992 2905 1028 2960 Ι),
1061 2909 1089 2954 et

117 2970 211 3036 alienu
231 2972 257 3020 V
324 2985 441 3021 carinae
465 2988 496 3022 ae
511 2978 604 3036 postea
621 2969 765 3020 vocobulum
782 2985 882 3019 erasum
900 2972 925 3020 D
996 2973 1036 3024 15.
1055 2971 1090 3022 de

117 3037 213 3101 figuris
231 3054 306 3090 versu
319 3040 436 3090 continuo
453 3040 481 3089 V
547 3041 588 3089 lt.
605 3052 659 3086 uuo
678 3035 709 3098 (u
726 3040 752 3086 in
763 3035 828 3100 ras.)
848 3039 872 3086 D
944 3040 983 3090 te.
1003 3037 1090 3088 mebta

117 3116 205 3156 omma
223 3104 282 3154 DV
345 3121 452 3158 cernon
470 3108 504 3166 D,
522 3107 571 3156 aed
582 3120 599 3154 n
615 3105 701 3169 prima
713 3122 753 3168 na,
771 3105 917 3163 occidetur,
936 3120 1016 3169 super
1032 3121 1087 3155 oer-

115 3221 171 3255 sum
193 3207 255 3257 odd.
326 3208 367 3260 19.
396 3220 467 3256 nora
489 3204 522 3267 (o
544 3207 571 3255 in
593 3207 662 3267 rao.)
685 3208 709 3255 D
777 3207 819 3256 20.
848 3187 974 3256 censeor
997 3207 1021 3255 D

118 3273 221 3322 emisse
238 3276 311 3338 vulgo
380 3275 422 3324 21.
442 3284 610 3336 emtorccum
629 3275 687 3324 DV
752 3285 967 3338 enrrcsammae
985 3274 1010 3322 D
1033 3271 1092 3336 (sed

118 3354 154 3390 en
173 3355 223 3391 non
232 3343 402 3406 perspicuam·
418 3345 526 3406 possunt
541 3343 616 3391 etiam
628 3345 680 3406 legi
697 3339 752 3403 eu),
771 3341 952 3408 entigrammo
973 3343 998 3391 V
1004 3339 1022 3402 ¹,
1042 3355 1090 3391 en·

117 3412 272 3473 tygramma
295 3410 320 3456 V
323 3406 334 3439 ²
403 3411 444 3459 22.
469 3422 541 3475 quae
563 3423 695 3472 superem.
718 3411 745 3459 ia
762 3409 787 3458 D
810 3411 915 3475 antiqua
936 3423 1023 3460 manus

115 3481 290 3543 tetragonum
307 3492 354 3526 om.
373 3477 398 3526 D
