2400 3848
122 190 143 254 6
377 203 426 251 na
447 202 510 250 orn
531 201 665 251 aarum
688 200 763 250 cae.
779 202 825 249 av.

87 353 104 401 4
122 360 299 422 quamquam
320 359 380 402 non
401 341 496 402 solum
516 340 579 412 hic,
603 341 700 402 sedet
719 339 768 402 alii
784 347 853 403 sunt
872 346 1030 419 practerea
1045 342 1093 403 dei

123 425 281 505 conplures
302 426 455 487 hominurn
478 426 565 485 vitam
587 443 643 504 pro
663 443 715 486 sua
739 427 863 505 quisque
883 426 1025 503 portione
1041 424 1091 487 ad·

122 509 336 580 miniculantes,
354 528 427 589 quos
439 509 585 570 volentem
598 527 779 588 cognoscere
794 510 1091 588 indigitamentorum

123 593 191 655 libri
211 597 282 655 satis
298 593 471 656 edocebunt.
509 594 560 654 sed
577 612 680 654 omnes
695 595 726 655 hi
742 593 834 656 semel
849 596 879 655 in
894 612 955 665 uno
972 612 1091 673 quoque

121 678 240 739 homine
261 680 415 739 numinum
436 696 559 740 suorum
588 678 724 739 ellectum
745 684 988 757 repraesentant,
1017 690 1110 759 quo-t

122 764 200 822 circa
222 780 280 823 non
302 780 358 843 per
379 779 467 824 omne
488 765 564 823 vitae
579 764 706 840 spatium
729 764 810 823 novis
826 761 1023 841 religionibus
1044 779 1089 824 ar·

88 854 296 908 ccessuntur:
327 848 431 924 genius
452 853 550 908 autem
578 849 618 906 ita
640 845 727 906 nobis
747 846 888 907 adsiduus
916 844 1090 907 observator

122 930 272 1009 adpositus
288 939 347 999 est,
369 941 403 991 ut
418 948 456 991 ne
471 938 581 1011 puncto
598 930 716 1007 quidem
731 931 875 1008 temporis
888 927 1008 1007 longius
1024 930 1089 991 ahs·

122 1014 220 1084 cedat,
245 1014 297 1074 sed
320 1014 356 1076 ab
379 1021 464 1075 utero
485 1015 587 1074 matris
609 1019 746 1091 acceptos
768 1014 804 1074 ad
827 1022 993 1075 exuemum
1017 1015 1090 1077 vitae

122 1099 199 1158 diem
221 1099 386 1158 comitetur.
425 1097 476 1159 sed
501 1116 567 1158 cum
591 1097 698 1176 singuli
717 1097 853 1159 homines
875 1114 944 1159 suos
959 1104 1110 1160 tantum-1

123 1182 212 1243 modo
233 1183 372 1262 proprios
392 1180 490 1242 colant
513 1180 639 1251 natales,
670 1199 725 1259 ego
745 1187 844 1243 tamen
872 1181 982 1260 duplici
1004 1190 1089 1262 quot·

87 1267 206 1328 oannis
227 1265 323 1326 ollicio
343 1266 468 1327 huiusce
488 1266 640 1343 religionis
663 1266 846 1344 adstringor:
870 1284 938 1327 nam
961 1285 1032 1327 cum
1054 1286 1089 1329 ex

121 1358 150 1411 te
165 1358 273 1428 tuaque
288 1350 413 1409 amicitia
429 1349 575 1410 honorem
591 1350 763 1428 dignitatem
779 1349 870 1410 decus
891 1351 987 1428 adque
1002 1367 1089 1429 prae·

122 1433 245 1503 sidium,
263 1441 368 1495 cuncta
385 1433 511 1513 denique
526 1435 601 1494 vitae
616 1436 747 1511 praemia
762 1436 919 1512 recipiam,
942 1435 1027 1495 nefas
1044 1452 1089 1497 ar·

121 1517 231 1588 bitror',
260 1520 285 1579 si
306 1518 384 1579 diem
406 1526 504 1587 tuum,
534 1520 585 1596 qui
601 1525 628 1580 te
644 1519 716 1578 mihi
737 1520 766 1579 in
782 1518 859 1579 hanc
873 1519 971 1580 lucem
987 1518 1089 1589 edidit,
1104 1530 1110 1577 t

121 1620 188 1662 meo
203 1601 253 1663 illc
270 1603 392 1681 proprio
409 1600 608 1678 neclegentius
625 1600 829 1663 celebravero:
853 1602 901 1664 ille
922 1603 1001 1664 enim
1017 1602 1090 1664 milri

121 1686 225 1754 vitam,
242 1685 291 1745 hic
306 1686 380 1746 vitae
396 1685 525 1745 fructum
542 1685 637 1764 adque
652 1694 859 1747 oruamentum
874 1696 1068 1766 pepererunt.

86 1781 105 1837 4
187 1769 333 1840 Quoniam
349 1776 429 1830 aetas
448 1787 464 1828 a
480 1768 527 1828 die
542 1768 630 1829 natali
646 1770 760 1830 initium
775 1772 864 1831 sumit
878 1780 1005 1851 suntque
1021 1778 1090 1833 ante

119 1852 200 1915 hunc
225 1854 301 1914 diem
323 1853 415 1914 multa
436 1871 511 1932 quae
532 1853 568 1913 ad
589 1853 741 1914 hominum
761 1856 912 1934 pertinent
932 1856 1088 1934 originem,

121 1955 180 1998 non
197 1937 324 2000 alienum
340 1938 456 1999 videtur
477 1938 514 1998 de
534 1938 570 2000 iis
585 1939 668 2016 prius
683 1938 783 2000 dicere
803 1957 879 2018 quae
899 1946 967 2000 sunt
982 1946 1089 2002 natura
1103 1948 1110 1997 t

119 2023 229 2099 priora.
267 2024 358 2100 igitur
379 2039 455 2102 quae
470 2022 617 2083 veteribus
642 2022 678 2083 de
695 2024 808 2101 origine
829 2022 956 2084 humana
977 2024 1090 2085 luerint

121 2107 289 2184 opiniones,
308 2123 342 2165 es
358 2105 405 2165 his
421 2105 564 2183 quaedam
581 2104 709 2166 breviter
725 2124 879 2185 exponam.

87 2206 102 2253 2
184 2189 283 2250 Prima
306 2197 336 2249 et
352 2189 499 2267 generalis
514 2189 647 2269 quaestio
668 2192 746 2251 inter
768 2192 904 2270 antiquos
925 2191 1089 2268 sapientiae

120 2273 267 2335 studiosos
282 2281 395 2335 versata
413 2280 471 2344 est,
496 2274 591 2352 quod,
615 2292 683 2335 cum
699 2282 813 2335 constet
827 2275 963 2335 homiues
986 2277 1088 2354 singu·

119 2356 165 2418 los
188 2377 223 2418 ex
244 2365 400 2437 parentum
416 2357 579 2419 seminibus
594 2365 767 2437 procreatos
789 2360 979 2421 successione
994 2358 1088 2436 prolis
1103 2367 1110 2417 t

119 2440 210 2501 multa
233 2440 350 2503 saecula
366 2458 548 2521 propagare,
574 2440 623 2502 alii
638 2458 757 2519 semper
772 2442 906 2505 homines
921 2444 1013 2504 fuisse
1032 2461 1089 2505 nec

118 2544 260 2605 umquam
285 2526 341 2586 nisi
368 2544 403 2587 ex
430 2525 599 2587 hominibus
625 2534 710 2587 natos
737 2526 832 2606 adque
859 2545 961 2589 eorum
983 2530 1089 2604 generi

119 2617 208 2688 caput
232 2611 445 2690 exordiumque
470 2608 582 2671 nullum
611 2611 741 2671 extitisse
767 2610 900 2673 arbitrati
925 2619 1008 2683 sunt,
1040 2610 1089 2673 alii

32 2748 37 2753 .
108 2712 188 2755 uero
204 2695 294 2755 luisse
310 2701 426 2773 tempus
443 2712 509 2755 cum
526 2694 661 2755 homines
676 2711 736 2754 non
752 2703 864 2768 essent,
883 2695 972 2757 ethis
987 2703 1088 2758 ortum

86 2777 248 2857 taliquem
271 2780 510 2858 principiumque
536 2784 641 2839 natura
662 2777 815 2841 tributum.
851 2779 903 2841 sed
929 2781 1012 2858 prior
1037 2778 1110 2842 illat

185 2997 210 3048 4.
229 2995 344 3046 librisd
396 2995 688 3046 scrtssedocesunrli
741 2997 824 3047 hul)
893 2998 918 3048 ὅ.
937 3012 989 3062 quo
1008 3012 1089 3049 crosa

118 3065 143 3112 D
211 3063 235 3112 6.
257 3076 335 3114 noers
354 3063 379 3112 Β
448 3063 648 3125 escesselnauu
665 3064 698 3127 Β,
718 3079 764 3114 mu
780 3067 807 3115 in
824 3080 903 3129 marg.
921 3067 1009 3115 odeer.
1028 3066 1048 3115 d

118 3131 142 3181 9.
163 3144 283 3194 acepros
302 3131 339 3191 Β,
364 3129 498 3196 adceptos
515 3134 535 3183 d
547 3133 583 3195 V,
608 3131 643 3181 ad
661 3146 757 3183 cereos
777 3134 805 3182 ct
824 3137 890 3182 extr.
910 3133 1089 3185 Laodiceam

119 3198 158 3247 10.
179 3209 295 3247 rourum
316 3194 390 3248 modo
408 3198 433 3247 Β
486 3201 526 3249 11.
546 3213 617 3265 quor
636 3201 758 3250 suntal)
812 3202 851 3249 12.
870 3201 1001 3265 nequiores
1020 3200 1046 3249 D
1104 3242 1108 3247 .

118 3264 256 3327 astringor
278 3266 303 3316 V
371 3268 411 3318 13.
430 3271 512 3332 atque
534 3267 566 3331 V,
585 3269 644 3317 item
659 3282 696 3317 vc.
711 3271 743 3317 17
755 3272 780 3316 et
791 3270 826 3317 27
895 3270 936 3319 16.
959 3282 1012 3318 nec
1030 3267 1089 3334 gls-

118 3332 228 3395 gentius
250 3333 277 3382 V
337 3347 555 3386 csenesasueao
573 3335 598 3386 Β
668 3335 709 3384 18.
729 3348 873 3397 suurquoo
891 3336 915 3385 Β
983 3337 1026 3386 20.
1043 3335 1089 3387 his

117 3399 137 3448 d
158 3400 184 3448 in
205 3414 260 3454 rus.
286 3400 323 3464 V,
348 3416 416 3453 corr.
442 3402 559 3453 Halmius
628 3404 670 3453 21.
695 3402 738 3457 22.
760 3401 874 3453 fuerunt
896 3429 929 3439 -
952 3403 1089 3468 quasdem

116 3464 215 3517 Iadnue
284 3469 326 3519 28.
344 3466 433 3534 copul>
450 3470 476 3520 Β
