2400 3848
131 160 152 223 8
389 171 438 221 nn
460 170 522 218 nm
544 170 676 219 nsrsnr
699 168 773 218 cnr.
789 170 835 217 tu.

130 311 187 373 bus
202 309 348 372 simillima
364 309 517 380 animalia,
533 311 563 369 in
578 309 624 371 his
639 308 776 371 homines
791 309 991 376 concrevisse,
1008 309 1102 371 letus·

132 414 190 474 que
211 395 247 457 ad
262 394 450 474 pubertatem
470 396 548 455 intus
562 399 696 455 retentos
710 400 781 453 tunc
797 393 916 454 demum
931 394 1028 471 ruptis
1044 393 1103 455 illis

131 481 210 540 viros
231 479 430 558 mulieresque
454 480 505 557 qui
532 479 590 538 iam
611 495 643 539 se
664 477 744 539 alere
764 485 886 557 possent
906 478 1101 554 processisse.

90 626 94 634 ,
132 563 327 642 Empedocles
349 572 447 624 autem
469 564 589 639 egregio
610 581 664 623 suo
686 564 830 632 carmine,
853 561 933 639 quod
955 562 1102 623 eiusmodi

133 666 198 709 esse
223 648 376 727 praedicat
399 647 569 717 Lucretius,
600 654 637 707 ut
662 647 724 707 viu¹
744 646 899 706 humana
925 645 1136 706 videatnro

99 744 115 794 8
134 733 255 811 stirpe
276 739 440 800 creatus,
462 730 519 791 tale
541 730 677 810 quiddam
701 731 863 791 conlirmat.
894 730 991 806 primo
1006 747 1102 790 mem·

133 815 188 876 bra
204 815 320 894 singula
335 833 369 876 ex
386 822 464 875 terra
481 815 565 894 quasi
580 822 741 893 praegnata
755 816 866 892 passim
883 813 976 882 edita,
994 812 1103 874 deinde

135 901 229 961 coisse
251 909 280 960 et
302 900 434 961 effecisse
458 897 544 959 solidi
564 899 693 960 hominis
714 898 869 958 materiam
890 898 950 975 igni
965 896 1054 957 simul
1076 905 1104 959 et

133 985 232 1046 umori
246 984 434 1063 permixtam.
462 988 560 1042 cetera
576 982 645 1060 quid
661 998 785 1042 necesse
802 989 847 1042 est
860 983 1009 1061 persequi,
1026 999 1104 1060 quae
1141 1016 1146 1021 ·

133 1087 194 1128 non
216 1068 333 1146 capiant
353 1065 575 1128 similitudinem
597 1065 744 1126 veritatis?
778 1067 852 1126 haec
876 1065 979 1125 eadem
1001 1066 1104 1143 opinio
1121 1074 1146 1124 lt

135 1154 222 1213 etiam
243 1153 274 1211 in
289 1149 466 1211 Parmenide
479 1149 590 1210 Veliate
612 1150 667 1211 luit
681 1149 815 1229 pauculis
834 1150 965 1227 exeeptis
981 1148 1017 1210 ab
1033 1149 1104 1209 Em·

101 1235 261 1314 epedocle
292 1234 441 1296 dissensis.
487 1233 654 1294 Democrito
680 1251 750 1294 vero
776 1232 935 1295 Abderitae
966 1251 1002 1293 ex
1028 1251 1105 1312 aqua

134 1320 264 1399 limoque
289 1320 419 1397 primum
445 1318 539 1377 visum
565 1336 629 1378 esse
655 1318 792 1379 homines
817 1324 1000 1397 procreatos.
1045 1335 1105 1378 nec

134 1403 223 1482 longe
255 1419 342 1465 secus
372 1402 535 1480 Epicurus:
572 1403 597 1462 is
626 1404 703 1462 enim
732 1402 858 1463 eredidit
882 1400 952 1462 limo
980 1401 1106 1462 calfacto

136 1496 237 1549 uteros
257 1489 358 1548 nescio
380 1503 455 1565 quos
476 1485 629 1548 radicibus
644 1494 743 1547 terrae
765 1486 958 1565 cohaerentes
973 1485 1106 1565 primum
1123 1496 1146 1544 1t

135 1573 297 1632 increvisse
314 1578 343 1632 et
356 1569 519 1631 infantibus
534 1588 570 1630 ex
586 1587 618 1630 se
642 1570 727 1630 editis
742 1571 905 1646 ingenitum
921 1569 1005 1630 laetis
1020 1587 1106 1630 nmo·

137 1673 202 1716 rem
223 1662 329 1716 natura
350 1654 535 1714 ministrante
556 1652 744 1732 praebuisse,
769 1671 844 1734 quos
859 1654 897 1715 ita
920 1654 1060 1715 educatos
1077 1662 1108 1714 et

89 1756 121 1806 to
140 1737 257 1800 adultos
272 1755 365 1817 genus
381 1737 535 1797 hominum
558 1755 748 1817 propagasse.
779 1738 880 1798 Zenon
896 1738 1019 1808 Citieus,
1036 1738 1108 1797 stoi-

137 1839 188 1884 cae
210 1830 309 1884 sectae
330 1821 480 1891 conditor,
507 1822 688 1900 principium
709 1822 839 1882 humano
854 1824 957 1900 generi
978 1840 1015 1882 ex
1030 1838 1107 1882 novo

136 1906 247 1968 mundo
269 1907 459 1968 constitutum
480 1906 606 1983 putavit,
635 1906 807 1985 primosque
827 1906 963 1967 homines
984 1924 1021 1966 ex
1042 1905 1107 1966 solo
1124 1915 1146 1967 a

137 1989 318 2052 adminiculo
340 1990 430 2050 divini
450 1989 541 2067 iguis,
570 1989 600 2049 id
622 1997 666 2050 est
686 1991 734 2051 dei
754 1991 953 2068 providentia,
981 1990 1107 2067 genitos.

86 2084 117 2133 11
137 2074 264 2153 denique
279 2074 365 2134 etiam
382 2072 470 2150 vulgo
486 2072 630 2133 creditum
647 2081 706 2144 est,
727 2080 760 2134 ut
773 2073 910 2153 plerique
926 2071 1108 2152 genealogoe

137 2165 273 2219 auctores
295 2163 378 2228 sunt,
407 2156 592 2236 quarundam
614 2157 761 2235 gentium,
790 2176 865 2236 quae
886 2177 922 2219 ex
942 2157 1107 2220 adventicia

137 2243 229 2321 stirpe
244 2259 306 2302 non
322 2242 393 2313 sint,
419 2241 569 2319 principes
584 2242 750 2320 terrigenas
766 2259 845 2312 esse,
868 2248 900 2303 ut
920 2243 951 2301 in
967 2242 1062 2302 Attica
1079 2249 1108 2303 et

136 2326 263 2388 Arcadia
289 2324 514 2405 Thessaliaque,
546 2343 657 2404 eosque
687 2325 903 2387 autochthonas
928 2329 1104 2386 vocitarunt.
1122 2335 1146 2384 nt

137 2412 167 2471 in
189 2410 271 2471 ltalia
299 2408 408 2490 [poeta
429 2406 557 2488 cecinit]
578 2408 729 2488 Nymphas
754 2409 968 2489 indigenasque
987 2410 1107 2471 Faunos

137 2511 260 2555 nemora
277 2493 422 2572 quaedam
439 2492 569 2553 tenuisse
591 2509 652 2552 non
674 2492 792 2554 dilticile
812 2494 895 2555 rudis
917 2495 1107 2574 antiquorum

206 2715 229 2762 1.
241 2709 454 2777 foetusquedV
513 2711 538 2758 2.
551 2712 779 2774 puuesrenemD
847 2713 1109 2771 3111111111

137 2784 162 2832 ὅ.
183 2781 286 2834 Luccei.
305 2779 324 2829 I
341 2781 396 2828 733
466 2779 490 2828 7.
508 2791 654 2841 pesquera
672 2779 705 2841 Ι),
723 2782 878 2844 pregnante
900 2780 928 2830 V
994 2780 1034 2831 11.
1053 2779 1107 2830 Ve-

137 2898 206 2949 liete
228 2898 390 2963 liutpersius,
420 2843 627 2957 uentfflemb,
658 2895 703 2947 uel
726 2896 756 2946 in
779 2900 865 2947 sterte
887 2898 923 2956 V,
954 2895 1108 2946 Veliensis*

137 2966 235 3017 Iabnus
303 2962 461 3029 eupehocne
478 2967 538 3016 DV
603 2966 643 3014 12.
661 2963 826 3015 dissensisse
844 2965 862 3014 d
870 2965 897 3014 V
964 2964 1005 3012 14.
1025 2965 1109 3028 nouqa’

139 3031 313 3096 (ituream
367 3031 507 3084 calefacto
525 3034 575 3083 dV
640 3032 828 3098 1611911111
841 3032 898 3080 nV
946 3030 1113 3081 umoseDV

138 3103 178 3153 18.
202 3098 309 3150 Citieus
331 3098 441 3162 dabam,
465 3114 518 3151 met
537 3114 594 3151 etus
612 3100 637 3148 D
643 3134 651 3160 ,
669 3099 810 3150 ticieteius
828 3101 854 3163 d,
872 3098 1002 3150 tieteiuss
1021 3097 1108 3159 (eraso

137 3166 162 3230 s)
185 3167 210 3216 V
216 3183 222 3230 ς
246 3166 405 3217 scribendam
422 3167 522 3218 uidetur
540 3167 659 3221 Oitieius
729 3169 770 3219 19.
792 3180 901 3217 nonouo
918 3167 944 3215 D
1013 3168 1054 3218 20.
1075 3180 1110 3215 ex

136 3234 196 3285 solo
215 3233 273 3296 dV,
294 3248 381 3284 exoso
398 3234 423 3282 D
492 3238 534 3290 21.
552 3230 610 3300 dei]
630 3233 660 3283 di
681 3235 707 3284 V
773 3236 814 3283 22.
834 3232 1004 3299 genealogoe
1022 3233 1109 3283 Lach-

136 3317 251 3366 mannus,
264 3315 452 3367 qeneenoqtee
464 3303 519 3353 DV
587 3303 629 3353 24.
642 3303 790 3368 terriginae
806 3301 833 3350 V
899 3303 940 3351 25.
954 3300 1111 3352 aurocrho·

137 3383 190 3419 aas
202 3371 242 3433 D,
261 3369 363 3419 author
375 3372 455 3419 tonas
472 3371 497 3420 V
564 3370 724 3421 vocitarunt
735 3369 919 3429 Laebmaaaus,
932 3381 1110 3422 nocerentur

136 3437 193 3486 DV
259 3438 300 3488 26.
319 3437 450 3502 srmphas
467 3437 493 3488 D
