2400 3848
165 175 210 240 44
411 191 459 238 ns
481 191 543 238 mn
565 190 698 239 uanam
720 190 796 238 cnr.
812 185 885 238 xm.

168 331 241 400 diei,
258 332 309 408 qui
325 348 435 392 annum
452 348 552 391 verum
571 328 761 408 suppleturus
776 328 943 399 videbatur,
966 326 1095 390 institnit
1110 335 1145 390 ut

167 424 288 494 peracto
301 415 477 494 quadrienni
490 417 617 476 circuitu
631 415 693 475 dies
704 433 791 485 unus,
805 413 856 475 ubi
867 414 978 475 mensis
991 414 1144 492 qnondam

168 499 296 570 solebat,
325 506 391 578 post
413 497 577 560 terminalia
601 497 843 569 intercalaretur,
875 497 956 577 quod
978 514 1060 560 nunc
1081 497 1144 559 his·

118 597 148 646 11
168 595 282 645 sextum
299 591 428 646 vocatur.
461 603 496 645 ex
511 584 569 644 hoc
586 601 664 644 anno
685 586 724 644 ita
741 601 757 643 a
772 582 844 644 lulio
860 583 988 645 Caesare
1002 583 1144 644 ordinato

168 671 260 730 ceteri
276 667 316 728 ad
337 676 470 730 nostram
497 669 671 728 memoriam
691 667 797 728 Iuliani
817 666 1018 747 appellantur,
1054 668 1175 747 eiqueo

169 759 365 830 consurgunt·
379 770 415 812 ex
438 759 543 831 quarto
565 753 699 814 Caesaris
720 751 883 812 consulatu.
930 752 980 830 qui
1006 753 1096 813 etiam
1119 754 1145 814 si

169 838 282 917 optimo
299 858 314 898 e
331 860 361 910 s,
377 854 436 896 non
449 836 504 898 soli
518 845 617 898 tamen
634 837 669 898 ad
686 854 797 897 annum
812 845 935 899 naturae
951 837 1044 914 aptati
1058 843 1143 897 sunt:

169 939 236 982 nam
255 930 283 982 et
297 923 414 999 priores
430 923 513 992 anni,
530 923 617 983 etiam
634 922 724 1000 siqui
740 921 994 982 decemmenstres
1010 919 1142 991 luerunt,

169 1024 225 1067 nec
247 1006 359 1066 Romae
385 1006 473 1067 ruodo
501 1005 547 1066 vel
574 1024 627 1084 per
648 1005 777 1076 ltaliam,
814 1006 867 1066 sed
894 1013 923 1066 et
944 1011 1015 1084 aput
1037 1013 1144 1083 gentes

120 1101 151 1150 12
170 1108 289 1159 omnes,
312 1100 453 1169 quantum
476 1097 607 1168 poterat,
629 1090 707 1151 idem
729 1089 850 1151 luerunt
871 1090 1009 1150 correcti.
1041 1091 1144 1169 itaque
1161 1099 1190 1148 10

170 1193 238 1235 cum
261 1174 298 1235 de
319 1173 417 1252 aliquo
439 1192 585 1236 annorum
608 1192 733 1236 numero
755 1175 802 1234 hic
824 1175 953 1245 dicetur,
985 1191 1048 1234 non
1069 1173 1144 1235 alios

170 1276 224 1338 par
240 1260 298 1319 crit
312 1275 399 1337 quam
417 1258 566 1318 naturales
582 1260 727 1339 accipere.

234 1343 310 1403 Etsi
326 1345 410 1420 origo
425 1343 528 1403 mundi
547 1343 577 1402 in
593 1343 745 1404 hominum
762 1344 894 1405 notitiam
911 1343 1053 1414 venisset,
1074 1343 1144 1404 inde

119 1431 154 1490 21
173 1427 327 1488 exordium
342 1444 542 1489 sumeremus:
567 1445 645 1489 nnnc
659 1447 730 1504 verp
746 1426 776 1488 id
796 1426 982 1488 intervallum
997 1429 1145 1506 temporis

170 1511 305 1573 tractabo
327 1512 407 1590 quod
428 1513 591 1573 historicon
612 1514 706 1573 Varro
734 1510 870 1591 appellat.
914 1512 962 1573 hic
984 1513 1064 1572 enirn
1088 1512 1143 1573 tria
1161 1521 1190 1571 15

172 1597 340 1658 discrimina
368 1603 536 1674 temporum
563 1614 626 1657 esse
647 1596 750 1665 tradit,
778 1599 908 1674 primum
929 1595 965 1658 ab
987 1594 1145 1658 hominum

171 1681 318 1760 principio
334 1679 371 1740 ad
387 1679 597 1759 cataclysmum
612 1681 752 1758 priorem,
769 1680 849 1759 quod
864 1686 987 1759 propter
1002 1681 1143 1758 ignoran-

171 1765 242 1824 tiam
262 1770 384 1825 vocatur
406 1762 525 1835 adelon,
557 1765 721 1826 secundum
748 1782 764 1824 a
786 1763 962 1844 cataclysmo
983 1766 1087 1843 priore
1108 1764 1143 1826 ad

172 1848 366 1929 olympiadem
393 1849 535 1928 primam,
567 1850 661 1928 quod,
693 1849 761 1929 quia
783 1849 876 1909 multa
902 1851 932 1909 in
952 1866 988 1910 eo
1009 1847 1144 1910 labulosa

172 1933 361 2003 referuntur,
384 1933 535 2013 mythicon
552 1935 736 2005 nominatur,
760 1935 879 1995 tertium
901 1934 1029 2011 aprima
1051 1931 1144 2013 olym·
1161 1944 1190 1993 ao

172 2017 258 2096 piade
274 2017 309 2077 ad
326 2034 395 2085 nos,
418 2019 496 2094 quod
513 2019 621 2078 dicitur
637 2019 814 2088 historicon,
839 2018 908 2096 quia
921 2035 972 2078 res
991 2018 1023 2076 in
1040 2035 1077 2078 eo
1094 2036 1145 2096 ge-

138 2109 235 2161 nstae
262 2102 339 2161 veris
364 2100 495 2162 historiis
521 2105 719 2163 continentur.
764 2103 893 2181 primum
919 2110 1052 2181 tempus,
1084 2103 1146 2163 sive

172 2183 275 2245 habuit
296 2185 412 2245 initium
434 2202 485 2245 seu
507 2203 626 2263 semper
646 2185 716 2256 luit,
749 2192 829 2247 certe
845 2192 917 2265 quot
938 2203 1086 2247 annorum
1108 2188 1147 2248 sit

172 2286 232 2329 non
257 2275 355 2348 potest
381 2269 594 2348 conprehendi.
639 2270 803 2332 secundum
826 2287 886 2329 non
914 2269 1002 2347 plane
1023 2270 1147 2349 quidem

174 2356 274 2422 scitur,
292 2353 344 2414 sed
360 2361 459 2424 tamen
474 2354 511 2414 ad
527 2352 607 2415 mille
623 2356 742 2415 circiter
758 2362 788 2416 et
802 2360 953 2416 sescentos
969 2371 1064 2415 annos
1080 2373 1147 2418 esse
1162 2362 1190 2415 et

174 2437 313 2498 creditur.
359 2455 375 2497 a
397 2439 497 2515 priore
524 2439 635 2500 scilicet
657 2436 848 2518 cataclysmo,
879 2456 967 2518 quem
991 2438 1097 2500 dicunt
1118 2447 1148 2502 et
1174 2466 1178 2474 ·

174 2521 294 2601 Ogygii,
318 2520 355 2580 ad
370 2519 471 2582 lnachi
491 2539 616 2600 regnum
639 2541 732 2584 annos
747 2523 866 2584 circiter
883 2533 969 2584 ccco
985 2545 1000 2585 a
1017 2546 1050 2594 e,
1073 2523 1146 2587 hinc

176 2690 378 2701 -η-

241 2793 265 2840 2.
284 2793 465 2856 pensoroaD
535 2790 713 2854 quadriennii
734 2791 760 2840 V
827 2803 937 2843 menses
955 2792 981 2840 D
1051 2794 1077 2843 7.
1097 2794 1147 2845 ob·

173 2860 239 2908 timo
267 2858 303 2920 V,
333 2861 437 2924 optime
460 2859 558 2909 Iahnos
579 2861 762 2921 sinelacunae
784 2867 846 2910 nota
914 2861 939 2910 8.
969 2859 1036 2909 anni
1057 2860 1146 2911 Lach-

172 2941 289 2984 mannus‚
312 2940 367 2976 anat
384 2928 442 2977 DV
506 2929 532 2979 9.
557 2924 629 2991 apud
655 2926 680 2974 V
748 2928 789 2978 1o.
811 2931 922 2991 poterat
942 2927 1016 2979 idem
1040 2926 1145 2992 Carrio,

172 3009 287 3059 ponem
305 2993 335 3044 he
355 2995 387 3055 D,
405 2997 504 3060 postea
521 2993 565 3042 ide
583 2996 609 3056 d,
627 2997 725 3058 postea
742 2993 816 3043 idem
838 2994 866 3043 V
932 2996 972 3042 11.
991 2992 1148 3046 ducenarius

173 3077 226 3112 uon
248 3076 325 3113 antus
345 3064 369 3111 D
439 3064 480 3112 15.
498 3063 654 3112 haeroateon
668 3057 732 3122 (con
743 3063 769 3111 in
780 3060 847 3126 rao.)
865 3062 899 3122 D,
918 3057 1059 3124 ἱετορικὸν
1071 3065 1147 3129 eulpa

174 3131 214 3180 17.
233 3129 354 3193 quod-
373 3127 473 3178 adelon
490 3144 537 3179 om.
561 3128 587 3178 V
655 3129 694 3178 18.
713 3126 834 3178 euoenon
852 3128 886 3190 D,
906 3125 1010 3192 ἄδηλον
1028 3132 1103 3192 culpo

174 3213 190 3246 a
210 3196 378 3260 cataclysmo
396 3196 488 3261 priore
505 3212 552 3245 om.
570 3196 597 3245 V
645 3195 810 3260 paronemD
880 3197 922 3248 20.
942 3192 1060 3258 puditior
1070 3200 1146 3262 culpo

173 3266 215 3318 21.
233 3261 374 3328 ἰετορικὸν
391 3267 463 3328 culpo
532 3265 574 3316 22.
593 3275 716 3328 rempum
734 3265 772 3326 D,
792 3264 899 3314 cornd
966 3264 1009 3317 23.
1028 3261 1102 3327 quob
1120 3264 1147 3314 D

148 3339 151 3345 '
174 3334 215 3382 24.
235 3330 443 3397 conpraeheuht
455 3331 489 3392 D,
509 3330 664 3396 oonphendi
680 3331 706 3382 V
773 3331 815 3380 26.
836 3335 864 3379 et
875 3329 979 3395 Ogygii
990 3331 1025 3383 L.
1037 3331 1070 3381 de
1081 3330 1145 3392 Im,

174 3413 300 3464 enecuere
317 3400 351 3461 D,
372 3399 486 3464 erogicii
508 3398 539 3463 V,
560 3402 730 3464 etoulpoom.
782 3397 915 3449 27.iuchi
931 3397 958 3446 V
1007 3397 1089 3448 annis
1111 3398 1146 3460 V,

175 3468 242 3517 anni
259 3472 323 3518 sunt
334 3467 431 3517 [adnuo
501 3465 681 3533 quadrupedia
698 3466 731 3526 D,
751 3463 950 3531 quadringenti
971 3464 996 3515 V
1011 3467 1100 3531 culpo:
1117 3467 1147 3517 in
