2400 3848
181 178 225 242 64
455 189 659 238 oscannum
683 187 758 236 cur.
776 190 809 236 x.
826 190 873 237 xi.

183 339 308 412 postque
331 333 387 392 hos
409 331 523 410 poetica
546 329 635 390 valuit
656 327 745 389 veluti
764 327 893 406 legitima
915 326 1043 407 [musica
1060 325 1155 388 licen·

185 417 255 498 tior]
274 418 426 496 magisque
440 413 597 476 modulata.

131 619 171 678 ιο
463 619 513 667 ou
532 602 676 668 nonnus
693 614 871 666 narrum.

250 753 415 833 Rhytlnnus
439 754 569 813 creditur
597 752 693 812 dictus
718 769 734 811 a
755 750 933 830 Rythmonio
955 749 1067 827 Orphei
1094 748 1156 810 lilio

187 847 216 900 et
241 838 410 899 ldomcnae¹
425 837 572 917 nymphae
599 837 771 902 lsmaricae,
809 842 841 894 ut
868 834 958 895 tradit
984 834 1156 895 Nicocrates
1177 848 1192 896 5

186 923 262 984 libro
279 941 367 1002 quem
384 925 540 1001 conposuit
556 921 592 981 de
608 919 733 982 rnusio.
766 917 880 981 'siratre
891 915 1052 997 hythmoni
1068 919 1158 979 tradit

187 1009 328 1088 Hymene,
348 1008 506 1068 Varritonis
522 1013 619 1066 autem
637 1012 665 1066 et
680 1003 824 1066 Coloridis
839 1004 962 1064 Tirisiae
978 1002 1057 1077 tiliae
1072 1003 1158 1064 Peri-

187 1092 352 1154 clemenum
367 1098 395 1152 et
406 1087 624 1160 Paridemem†,
641 1090 691 1168 qui
707 1089 820 1168 primus
836 1090 977 1149 cecinerit
992 1105 1041 1148 res
1056 1094 1157 1166 gestas

187 1177 313 1237 heroum
327 1177 447 1237 musicis
462 1174 605 1236 cantibus.

134 1377 167 1435 ll
562 1378 613 1428 DE
631 1374 777 1428 MUSICA.
1180 1379 1191 1426 1

251 1512 363 1575 Musica
390 1519 435 1575 est
459 1513 562 1591 peritia
588 1512 792 1573 faciendorum
814 1518 843 1572 et
865 1509 1067 1571 canendorum
1095 1529 1159 1571 mo·

189 1598 304 1659 dorum.
352 1599 414 1658 eius
444 1604 543 1676 partes
572 1597 760 1665 harmonica,
791 1597 944 1674 organica,
981 1594 1158 1674 rhythmica,

189 1683 374 1743 crusmatica.
411 1689 558 1742 crusmata
575 1679 676 1758 pulsus
692 1681 793 1741 decori
814 1682 878 1741 sine
900 1681 1031 1741 carmine
1051 1697 1160 1741 vocau-

189 1775 251 1834 tur;
280 1765 433 1826 harmonia
461 1772 506 1826 est
532 1766 738 1834 consonantia;
773 1767 912 1842 organica
935 1785 983 1826 *a
1004 1762 1160 1844 rhythmos

152 1865 171 1914 a
190 1852 321 1923 Graece,
343 1851 446 1912 modus
463 1851 571 1911 dieitur
586 1850 688 1911 Latine
704 1872 719 1912 s
736 1871 751 1910 a
767 1850 935 1910 nominatus
950 1866 1053 1909 versus
1069 1848 1108 1910 ab
1123 1866 1158 1908 eo
1178 1859 1200 1907 1¹

190 1937 267 2014 quod
290 1935 362 1997 fluat
386 1953 477 2012 seque
498 1937 560 2015 ipsa
582 1933 755 1996 circumeat.
803 1933 1025 1995 modusautem
1046 1932 1160 1995 estlear

190 2020 334 2098 quaedam
362 2027 391 2080 et
417 2020 491 2079 ordo
512 2019 655 2079 vocalium
682 2017 907 2091 intervallorum
934 2026 964 2078 et
984 2017 1158 2088 differentia,

191 2103 250 2174 vcl,
267 2112 299 2163 ut
313 2104 504 2163 Aristoxenus
520 2104 596 2173 linit,
619 2120 678 2162 non
695 2110 854 2182 utcumque
870 2103 1056 2180 corapositum
1074 2120 1160 2162 voca·

152 2187 261 2250 alium
283 2195 450 2268 temporum
474 2185 668 2248 intervallum.
704 2204 824 2248 carmen
846 2196 890 2248 est
910 2188 1016 2248 modus
1036 2186 1160 2248 vocibus

190 2274 320 2344 iunctus,
338 2274 421 2334 cuius
437 2272 605 2332 discrimina
622 2278 738 2343 cantus,
755 2271 876 2341 modus,
892 2279 999 2333 motus.
1036 2281 1158 2334 *atem-
1175 2282 1199 2330 a·

189 2377 246 2438 pus
274 2367 318 2418 est
343 2356 471 2436 syllabae
490 2358 631 2434 spatium,
661 2356 749 2418 huius
775 2355 953 2418 elementum
981 2355 1083 2418 brevis
1103 2354 1159 2437 syl·

259 2528 283 2578 1.
310 2540 407 2590 posrq.
430 2525 468 2588 I),
496 2528 643 2590 postquam
668 2525 695 2575 V
761 2528 785 2575 3.
810 2524 920 2575 arrhmt
942 2527 979 2584 Ι),
1008 2526 1085 2575 ritmi
1111 2522 1158 2588 V¹‚

186 2594 283 2644 rithmi
309 2595 335 2644 V
355 2611 386 2644 m.
409 2609 462 2642 rec.
532 2593 558 2643 4.
581 2592 715 2643 orrhmus
738 2592 794 2642 DV
860 2592 1014 2643 orrhmouao
1039 2593 1097 2643 DV

189 2664 215 2714 5.
234 2659 383 2722 tinomaus!
393 2676 425 2711 aa
439 2673 557 2710 urmsae
572 2673 676 2711 manica
689 2662 721 2718 D,
740 2659 884 2712 idnomeaa
897 2659 990 2726 nymie
1006 2660 1114 2726 marica
1128 2658 1158 2716 V.

187 2746 260 2782 corr.
278 2729 433 2786 Labeatium,
456 2728 599 2779 Idmoniae
622 2730 687 2780 coni.
710 2727 851 2778 Urtiehaiuo
919 2741 1080 2779 urcocoams
1097 2727 1157 2786 nV.

187 2797 365 2847 Nicostratus
378 2796 472 2846 Stiehte
484 2797 578 2847 Philet.
591 2796 618 2844 Χ
626 2812 655 2860 p.
669 2799 718 2845 170
787 2797 872 2847 6-8.
892 2795 1044 2860 composuIt
1056 2794 1091 2846 de
1104 2809 1158 2844 mu·

190 2865 259 2914 sica.
283 2865 397 2914 fratrem
409 2863 589 2927 Rhythmonii
599 2863 687 2912 tradit
697 2864 901 2926 Hymenaeum,
919 2861 1101 2927 Rhythmonii
1112 2876 1157 2912 au·

191 2939 246 2982 tem
261 2936 288 2981 et
301 2931 447 2992 Chloridis,
466 2931 594 2980 Tiresiae
607 2931 692 2994 tiliae,
711 2931 932 2993 Periclymenum
947 2935 975 2981 et
986 2930 1158 2982 Perimadem

98 3061 102 3068 ῃ
191 3000 288 3050 Iadnus
357 3000 382 3048 6.
410 2998 513 3048 musico
540 2998 568 3047 V
632 2997 762 3048 rithmoni
788 2999 814 3047 V
881 3001 905 3049 7.
935 2997 1045 3047 himena
1068 2997 1156 3048 uarri·

191 3067 276 3116 Tonis
300 3067 328 3116 V
392 3065 479 3130 tirisia
501 3067 528 3115 V
593 3068 617 3116 8.
636 3078 859 3116 cccaueatrracs
878 3068 902 3115 l)
972 3067 1013 3116 10.
1032 3065 1107 3116 Iussa
1124 3077 1157 3115 os

192 3147 292 3184 uvares
314 3133 342 3180 V
408 3133 447 3182 12.
466 3132 610 3195 armonica
631 3132 660 3180 V
724 3132 869 3183 arrhmrca
887 3134 925 3196 l),
944 3132 1076 3183 rithmica
1099 3132 1123 3181 V

193 3203 233 3254 13.
252 3199 356 3251 hacona
374 3200 406 3259 I),
425 3201 526 3250 carrad
595 3200 636 3248 14.
655 3210 798 3250 armonica
816 3199 872 3249 DV
938 3213 1038 3266 oncant
1056 3213 1157 3250 casua·

189 3281 249 3318 mos
270 3270 305 3330 D,
331 3269 428 3332 organi
446 3268 576 3317 caritmos
598 3266 626 3316 V
629 3264 647 3331 ¹,
667 3268 800 3332 organica
818 3265 932 3316 rithmos
947 3267 974 3317 V
989 3283 1019 3321 m.
1037 3283 1093 3320 rec.

192 3338 233 3387 15.
257 3344 346 3386 motus
363 3335 466 3384 dicitur
482 3335 598 3394 Latine,
628 3335 785 3386 nominatur
801 3349 867 3384 vero
886 3334 921 3384 ab
940 3349 973 3385 ao
996 3342 1043 3386 cet.
1063 3335 1160 3385 ladam

190 3405 286 3468 partim
302 3404 436 3454 secundam
453 3403 640 3452 Lachmannmn
707 3415 824 3452 carruae
842 3402 867 3450 D
936 3403 977 3452 21.
994 3407 1056 3468 post
1075 3406 1118 3454 ost
1134 3404 1161 3452 in

94 3531 96 3538 y
195 3471 224 3520 V
238 3477 388 3536 repetuntur
405 3486 441 3520 ear
458 3485 494 3523 or.
507 3473 540 3520 19
551 3485 585 3520 aa.
604 3467 699 3519 modus
715 3468 832 3520 vocibus
845 3496 876 3506 -
889 3473 998 3535 tempus
1016 3475 1060 3521 est
