<?xml version="1.0" encoding="UTF-8"?>
<!DOCTYPE html PUBLIC "-//W3C//DTD XHTML 1.0 Transitional//EN"
    "http://www.w3.org/TR/xhtml1/DTD/xhtml1-transitional.dtd">
<html xmlns="http://www.w3.org/1999/xhtml" xml:lang="en" lang="en">
 <head>
  <title>
</title>
<meta http-equiv="Content-Type" content="text/html;charset=utf-8" />
  <meta name='ocr-system' content='tesseract 3.04.00' />
  <meta name='ocr-capabilities' content='ocr_page ocr_carea ocr_par ocr_line ocrx_word'/>
</head>
<body>
  <div class='ocr_page' id='page_1' title='image "./censorinidedien02censgoog_0026.png"; bbox 0 0 2400 3848; ppageno 0'>
   <div class='ocr_carea' id='block_1_1' title="bbox 378 123 1077 217">
    <p class='ocr_par' dir='ltr' id='par_1_1' title="bbox 378 123 1077 217">
     <span class='ocr_line' id='line_1_1' title="bbox 378 123 1077 217; baseline 0.001 -31"><span class='ocrx_word' id='word_1_1' title='bbox 378 140 427 186; x_wconf 82' lang='lat' dir='ltr'>nu</span> <span class='ocrx_word' id='word_1_2' title='bbox 448 140 510 186; x_wconf 82' lang='lat' dir='ltr'>ors</span> <span class='ocrx_word' id='word_1_3' title='bbox 531 138 663 188; x_wconf 73' lang='lat' dir='ltr'>uncam</span> <span class='ocrx_word' id='word_1_4' title='bbox 686 139 761 188; x_wconf 76' lang='lat' dir='ltr'>che.</span> <span class='ocrx_word' id='word_1_5' title='bbox 777 140 810 217; x_wconf 62' lang='lat' dir='ltr'>v3</span> <span class='ocrx_word' id='word_1_6' title='bbox 1057 123 1077 187; x_wconf 88' lang='grc'><strong>9</strong></span> 
     </span>
    </p>
   </div>
   <div class='ocr_carea' id='block_1_2' title="bbox 63 276 1128 2290">
    <p class='ocr_par' dir='ltr' id='par_1_2' title="bbox 63 276 1128 2290">
     <span class='ocr_line' id='line_1_2' title="bbox 109 276 1127 358; baseline -0.002 -20"><span class='ocrx_word' id='word_1_7' title='bbox 109 276 268 339; x_wconf 87' lang='lat' dir='ltr'>cre&#39;dulitas</span> <span class='ocrx_word' id='word_1_8' title='bbox 293 278 415 356; x_wconf 91' lang='lat' dir='ltr'>recepit.</span> <span class='ocrx_word' id='word_1_9' title='bbox 459 296 540 338; x_wconf 89' lang='lat' dir='ltr'>nunc</span> <span class='ocrx_word' id='word_1_10' title='bbox 561 296 632 339; x_wconf 89' lang='lat' dir='ltr'>vero</span> <span class='ocrx_word' id='word_1_11' title='bbox 658 297 693 339; x_wconf 91' lang='lat' dir='ltr'>eo</span> <span class='ocrx_word' id='word_1_12' title='bbox 715 278 849 340; x_wconf 80' lang='lat' dir='ltr'>licentiae</span> <span class='ocrx_word' id='word_1_13' title='bbox 870 279 985 357; x_wconf 90' lang='lat' dir='ltr'>poetica</span> <span class='ocrx_word' id='word_1_14' title='bbox 1006 287 1127 358; x_wconf 77' lang='lat' dir='ltr'>pro-12</span> 
     </span>
     <span class='ocr_line' id='line_1_3' title="bbox 109 361 1076 441; baseline -0.002 -17"><span class='ocrx_word' id='word_1_15' title='bbox 109 364 198 424; x_wconf 81' lang='lat' dir='ltr'><strong>cessit</strong></span> <span class='ocrx_word' id='word_1_16' title='bbox 219 361 323 433; x_wconf 88' lang='lat' dir='ltr'>libido,</span> <span class='ocrx_word' id='word_1_17' title='bbox 347 365 446 422; x_wconf 84' lang='lat' dir='ltr'>utrix</span> <span class='ocrx_word' id='word_1_18' title='bbox 468 362 569 423; x_wconf 85' lang='lat' dir='ltr'>auditu</span> <span class='ocrx_word' id='word_1_19' title='bbox 590 363 712 424; x_wconf 84' lang='lat' dir='ltr'>serenda</span> <span class='ocrx_word' id='word_1_20' title='bbox 735 364 918 440; x_wconf 88' lang='lat' dir='ltr'>confingant,</span> <span class='ocrx_word' id='word_1_21' title='bbox 939 369 1007 441; x_wconf 92' lang='lat' dir='ltr'>post</span> <span class='ocrx_word' id='word_1_22' title='bbox 1023 363 1076 423; x_wconf 92' lang='lat' dir='ltr'>ho·</span> 
     </span>
     <span class='ocr_line' id='line_1_4' title="bbox 109 442 1078 525; baseline 0.002 -18"><span class='ocrx_word' id='word_1_23' title='bbox 109 449 223 507; x_wconf 94' lang='lat' dir='ltr'>minum</span> <span class='ocrx_word' id='word_1_24' title='bbox 245 448 418 507; x_wconf 82' lang='lat' dir='ltr'><strong>memoriam</strong></span> <span class='ocrx_word' id='word_1_25' title='bbox 441 449 645 525; x_wconf 88' lang='lat' dir='ltr'>progeneratis</span> <span class='ocrx_word' id='word_1_26' title='bbox 665 449 723 508; x_wconf 85' lang='lat' dir='ltr'>iam</span> <span class='ocrx_word' id='word_1_27' title='bbox 745 442 882 525; x_wconf 88' lang='lat' dir='ltr'>&#39;gentibus</span> <span class='ocrx_word' id='word_1_28' title='bbox 904 453 934 507; x_wconf 92' lang='lat' dir='ltr'>et</span> <span class='ocrx_word' id='word_1_29' title='bbox 953 447 1078 509; x_wconf 86' lang='lat' dir='ltr'>urbibus</span> 
     </span>
     <span class='ocr_line' id='line_1_5' title="bbox 109 530 1077 601; baseline 0.001 -9"><span class='ocrx_word' id='word_1_30' title='bbox 109 531 235 592; x_wconf 90' lang='lat' dir='ltr'>conditis</span> <span class='ocrx_word' id='word_1_31' title='bbox 256 530 391 592; x_wconf 90' lang='lat' dir='ltr'>homines</span> <span class='ocrx_word' id='word_1_32' title='bbox 408 537 520 591; x_wconf 88' lang='lat' dir='ltr'>eterra</span> <span class='ocrx_word' id='word_1_33' title='bbox 542 532 665 593; x_wconf 90' lang='lat' dir='ltr'>diversis</span> <span class='ocrx_word' id='word_1_34' title='bbox 681 531 776 592; x_wconf 90' lang='lat' dir='ltr'>modis</span> <span class='ocrx_word' id='word_1_35' title='bbox 798 532 906 601; x_wconf 89' lang='lat' dir='ltr'>editos,</span> <span class='ocrx_word' id='word_1_36' title='bbox 933 539 966 592; x_wconf 90' lang='lat' dir='ltr'>ut</span> <span class='ocrx_word' id='word_1_37' title='bbox 981 533 1012 591; x_wconf 94' lang='lat' dir='ltr'>in</span> <span class='ocrx_word' id='word_1_38' title='bbox 1027 533 1077 593; x_wconf 91' lang='lat' dir='ltr'>At·</span> 
     </span>
     <span class='ocr_line' id='line_1_6' title="bbox 72 615 1077 692; baseline 0 -16"><span class='ocrx_word' id='word_1_39' title='bbox 72 626 89 676; x_wconf 76' lang='grc'>6</span> <span class='ocrx_word' id='word_1_40' title='bbox 108 616 166 676; x_wconf 89' lang='lat' dir='ltr'>tica</span> <span class='ocrx_word' id='word_1_41' title='bbox 182 616 277 676; x_wconf 82' lang='lat' dir='ltr'>fertur</span> <span class='ocrx_word' id='word_1_42' title='bbox 292 616 415 692; x_wconf 83' lang='lat' dir='ltr'>regione</span> <span class='ocrx_word' id='word_1_43' title='bbox 429 615 640 677; x_wconf 78' lang='lat' dir='ltr'>Erichthonius</span> <span class='ocrx_word' id='word_1_44' title='bbox 663 634 699 676; x_wconf 92' lang='lat' dir='ltr'>ex</span> <span class='ocrx_word' id='word_1_45' title='bbox 713 616 836 676; x_wconf 82' lang='lat' dir='ltr'>Vulcani</span> <span class='ocrx_word' id='word_1_46' title='bbox 858 617 970 676; x_wconf 90' lang='lat' dir='ltr'>semine</span> <span class='ocrx_word' id='word_1_47' title='bbox 985 615 1077 676; x_wconf 92' lang='lat' dir='ltr'>humo</span> 
     </span>
     <span class='ocr_line' id='line_1_7' title="bbox 110 698 1077 777; baseline 0 -17"><span class='ocrx_word' id='word_1_48' title='bbox 110 708 247 769; x_wconf 88' lang='lat' dir='ltr'>exortus,</span> <span class='ocrx_word' id='word_1_49' title='bbox 270 705 298 760; x_wconf 89' lang='lat' dir='ltr'>et</span> <span class='ocrx_word' id='word_1_50' title='bbox 314 699 343 758; x_wconf 94' lang='lat' dir='ltr'>in</span> <span class='ocrx_word' id='word_1_51' title='bbox 359 698 499 760; x_wconf 87' lang='lat' dir='ltr'>Colchide</span> <span class='ocrx_word' id='word_1_52' title='bbox 521 699 567 760; x_wconf 91' lang='lat' dir='ltr'>vel</span> <span class='ocrx_word' id='word_1_53' title='bbox 582 701 703 761; x_wconf 88' lang='lat' dir='ltr'>Boeotia</span> <span class='ocrx_word' id='word_1_54' title='bbox 720 702 841 761; x_wconf 91' lang='lat' dir='ltr'>consitis</span> <span class='ocrx_word' id='word_1_55' title='bbox 863 701 967 777; x_wconf 79' lang='lat' dir='ltr'>anguis</span> <span class='ocrx_word' id='word_1_56' title='bbox 983 699 1077 760; x_wconf 91' lang='lat' dir='ltr'>denti·</span> 
     </span>
     <span class='ocr_line' id='line_1_8' title="bbox 108 782 1077 862; baseline 0.001 -20"><span class='ocrx_word' id='word_1_57' title='bbox 108 782 167 843; x_wconf 92' lang='lat' dir='ltr'>hus</span> <span class='ocrx_word' id='word_1_58' title='bbox 188 784 293 843; x_wconf 88' lang='lat' dir='ltr'>armati</span> <span class='ocrx_word' id='word_1_59' title='bbox 308 790 476 860; x_wconf 89' lang='lat' dir='ltr'>spartoeve,</span> <span class='ocrx_word' id='word_1_60' title='bbox 500 801 516 844; x_wconf 91' lang='lat' dir='ltr'>e</span> <span class='ocrx_word' id='word_1_61' title='bbox 533 784 639 862; x_wconf 89' lang='lat' dir='ltr'>quihus</span> <span class='ocrx_word' id='word_1_62' title='bbox 654 791 756 845; x_wconf 88' lang='lat' dir='ltr'>mutua</span> <span class='ocrx_word' id='word_1_63' title='bbox 773 786 863 845; x_wconf 90' lang='lat' dir='ltr'>caede</span> <span class='ocrx_word' id='word_1_64' title='bbox 884 787 963 844; x_wconf 89' lang='lat' dir='ltr'>inter</span> <span class='ocrx_word' id='word_1_65' title='bbox 979 802 1010 844; x_wconf 92' lang='lat' dir='ltr'>se</span> <span class='ocrx_word' id='word_1_66' title='bbox 1026 801 1077 844; x_wconf 92' lang='lat' dir='ltr'>ne·</span> 
     </span>
     <span class='ocr_line' id='line_1_9' title="bbox 110 867 1078 949; baseline 0 -21"><span class='ocrx_word' id='word_1_67' title='bbox 110 869 183 928; x_wconf 86' lang='lat' dir='ltr'>catis</span> <span class='ocrx_word' id='word_1_68' title='bbox 199 868 286 944; x_wconf 87' lang='lat' dir='ltr'>pauci</span> <span class='ocrx_word' id='word_1_69' title='bbox 301 884 459 945; x_wconf 88' lang='lat' dir='ltr'>superasse</span> <span class='ocrx_word' id='word_1_70' title='bbox 474 869 640 939; x_wconf 90' lang='lat' dir='ltr'>traduntur,</span> <span class='ocrx_word' id='word_1_71' title='bbox 659 870 756 949; x_wconf 92' lang='lat' dir='ltr'>quiin</span> <span class='ocrx_word' id='word_1_72' title='bbox 772 869 892 929; x_wconf 90' lang='lat' dir='ltr'>conditu</span> <span class='ocrx_word' id='word_1_73' title='bbox 907 867 1078 928; x_wconf 87' lang='lat' dir='ltr'>Thebarum</span> 
     </span>
     <span class='ocr_line' id='line_1_10' title="bbox 110 950 1128 1031; baseline -0.004 -19"><span class='ocrx_word' id='word_1_74' title='bbox 110 950 221 1012; x_wconf 81' lang='lat' dir='ltr'>Cadmo</span> <span class='ocrx_word' id='word_1_75' title='bbox 237 952 348 1012; x_wconf 89' lang='lat' dir='ltr'>luerint</span> <span class='ocrx_word' id='word_1_76' title='bbox 370 952 554 1020; x_wconf 89' lang='lat' dir='ltr'>adiumento,</span> <span class='ocrx_word' id='word_1_77' title='bbox 583 970 715 1013; x_wconf 92' lang='lat' dir='ltr'>necnon</span> <span class='ocrx_word' id='word_1_78' title='bbox 731 954 759 1012; x_wconf 91' lang='lat' dir='ltr'>in</span> <span class='ocrx_word' id='word_1_79' title='bbox 782 969 853 1028; x_wconf 87' lang='lat' dir='ltr'>agro</span> <span class='ocrx_word' id='word_1_80' title='bbox 870 952 1077 1031; x_wconf 85' lang='lat' dir='ltr'>Tarquiniensi</span> <span class='ocrx_word' id='word_1_81' title='bbox 1096 959 1128 1009; x_wconf 85' lang='lat'>13</span> 
     </span>
     <span class='ocr_line' id='line_1_11' title="bbox 63 1035 1076 1115; baseline 0.003 -21"><span class='ocrx_word' id='word_1_82' title='bbox 63 1046 92 1095; x_wconf 82' lang='lat' dir='ltr'>tc</span> <span class='ocrx_word' id='word_1_83' title='bbox 109 1052 186 1113; x_wconf 90' lang='lat' dir='ltr'>puer</span> <span class='ocrx_word' id='word_1_84' title='bbox 208 1035 314 1095; x_wconf 90' lang='lat' dir='ltr'>dicitur</span> <span class='ocrx_word' id='word_1_85' title='bbox 330 1035 446 1096; x_wconf 86' lang='lat' dir='ltr'>divinus</span> <span class='ocrx_word' id='word_1_86' title='bbox 461 1045 598 1097; x_wconf 87' lang='lat' dir='ltr'>exaratus</span> <span class='ocrx_word' id='word_1_87' title='bbox 614 1039 733 1097; x_wconf 93' lang='lat' dir='ltr'>nomine</span> <span class='ocrx_word' id='word_1_88' title='bbox 749 1035 857 1115; x_wconf 82' lang='lat' dir='ltr'>Tages,</span> <span class='ocrx_word' id='word_1_89' title='bbox 882 1038 933 1114; x_wconf 90' lang='lat' dir='ltr'>qui</span> <span class='ocrx_word' id='word_1_90' title='bbox 949 1035 1076 1115; x_wconf 89' lang='lat' dir='ltr'>discipli·</span> 
     </span>
     <span class='ocr_line' id='line_1_12' title="bbox 108 1120 1078 1200; baseline 0.001 -21"><span class='ocrx_word' id='word_1_91' title='bbox 108 1135 179 1180; x_wconf 87' lang='lat' dir='ltr'>nam</span> <span class='ocrx_word' id='word_1_92' title='bbox 200 1120 341 1179; x_wconf 84' lang='lat' dir='ltr'>cecinerit</span> <span class='ocrx_word' id='word_1_93' title='bbox 362 1121 519 1198; x_wconf 91' lang='lat' dir='ltr'>extispicii,</span> <span class='ocrx_word' id='word_1_94' title='bbox 552 1139 641 1200; x_wconf 89' lang='lat' dir='ltr'>quam</span> <span class='ocrx_word' id='word_1_95' title='bbox 662 1121 838 1182; x_wconf 91' lang='lat' dir='ltr'>lucumones</span> <span class='ocrx_word' id='word_1_96' title='bbox 858 1129 921 1182; x_wconf 91' lang='lat' dir='ltr'>tum</span> <span class='ocrx_word' id='word_1_97' title='bbox 941 1121 1078 1182; x_wconf 87' lang='lat' dir='ltr'>Etruriae</span> 
     </span>
     <span class='ocr_line' id='line_1_13' title="bbox 108 1206 489 1283; baseline 0 -20"><span class='ocrx_word' id='word_1_98' title='bbox 108 1209 246 1283; x_wconf 90' lang='lat' dir='ltr'>potentes</span> <span class='ocrx_word' id='word_1_99' title='bbox 261 1206 489 1281; x_wconf 89' lang='lat' dir='ltr'>exscripserunt.</span> 
     </span>
     <span class='ocr_line' id='line_1_14' title="bbox 173 1287 1111 1367; baseline -0.002 -20"><span class='ocrx_word' id='word_1_100' title='bbox 173 1287 323 1348; x_wconf 89' lang='lat' dir='ltr'>Hactenus</span> <span class='ocrx_word' id='word_1_101' title='bbox 343 1289 380 1349; x_wconf 91' lang='lat' dir='ltr'>de</span> <span class='ocrx_word' id='word_1_102' title='bbox 400 1289 495 1367; x_wconf 89' lang='lat' dir='ltr'>prima</span> <span class='ocrx_word' id='word_1_103' title='bbox 511 1288 667 1349; x_wconf 91' lang='lat' dir='ltr'>hominum</span> <span class='ocrx_word' id='word_1_104' title='bbox 683 1290 811 1366; x_wconf 90' lang='lat' dir='ltr'>origiue:</span> <span class='ocrx_word' id='word_1_105' title='bbox 840 1297 972 1350; x_wconf 87' lang='lat' dir='ltr'>ceterum</span> <span class='ocrx_word' id='word_1_106' title='bbox 995 1287 1111 1367; x_wconf 79' lang='lat' dir='ltr'>quodh</span> 
     </span>
     <span class='ocr_line' id='line_1_15' title="bbox 111 1371 1076 1451; baseline 0 -19"><span class='ocrx_word' id='word_1_107' title='bbox 111 1371 148 1432; x_wconf 92' lang='lat' dir='ltr'>ad</span> <span class='ocrx_word' id='word_1_108' title='bbox 174 1379 347 1449; x_wconf 89' lang='lat' dir='ltr'>praesentes</span> <span class='ocrx_word' id='word_1_109' title='bbox 366 1378 485 1433; x_wconf 89' lang='lat' dir='ltr'>nostros</span> <span class='ocrx_word' id='word_1_110' title='bbox 505 1373 635 1449; x_wconf 90' lang='lat' dir='ltr'>pertinet</span> <span class='ocrx_word' id='word_1_111' title='bbox 660 1371 772 1433; x_wconf 85' lang='lat' dir='ltr'>natales</span> <span class='ocrx_word' id='word_1_112' title='bbox 800 1390 964 1451; x_wconf 91' lang='lat' dir='ltr'>eorumque</span> <span class='ocrx_word' id='word_1_113' title='bbox 985 1373 1076 1442; x_wconf 84' lang='lat' dir='ltr'>initia,</span> 
     </span>
     <span class='ocr_line' id='line_1_16' title="bbox 63 1456 622 1537; baseline 0 -22"><span class='ocrx_word' id='word_1_114' title='bbox 63 1464 91 1515; x_wconf 75' lang='grc' dir='ltr'>ιδ</span> <span class='ocrx_word' id='word_1_115' title='bbox 110 1473 200 1535; x_wconf 90' lang='lat' dir='ltr'>quam</span> <span class='ocrx_word' id='word_1_116' title='bbox 215 1462 319 1534; x_wconf 90' lang='lat' dir='ltr'>potero</span> <span class='ocrx_word' id='word_1_117' title='bbox 336 1456 500 1537; x_wconf 90' lang='lat' dir='ltr'>conpendio</span> <span class='ocrx_word' id='word_1_118' title='bbox 517 1456 622 1517; x_wconf 88' lang='lat' dir='ltr'>dicam.</span> 
     </span>
     <span class='ocr_line' id='line_1_17' title="bbox 174 1539 1112 1619; baseline 0.002 -21"><span class='ocrx_word' id='word_1_119' title='bbox 174 1539 266 1616; x_wconf 91' lang='lat' dir='ltr'>lgitur</span> <span class='ocrx_word' id='word_1_120' title='bbox 282 1558 385 1601; x_wconf 88' lang='lat' dir='ltr'>semen</span> <span class='ocrx_word' id='word_1_121' title='bbox 406 1540 486 1601; x_wconf 90' lang='lat' dir='ltr'>unde</span> <span class='ocrx_word' id='word_1_122' title='bbox 508 1548 593 1602; x_wconf 87' lang='lat' dir='ltr'>excat</span> <span class='ocrx_word' id='word_1_123' title='bbox 614 1542 690 1601; x_wconf 88' lang='lat' dir='ltr'>inter</span> <span class='ocrx_word' id='word_1_124' title='bbox 710 1542 872 1619; x_wconf 88' lang='lat' dir='ltr'>sapientiae</span> <span class='ocrx_word' id='word_1_125' title='bbox 893 1541 1112 1618; x_wconf 73' lang='lat' dir='ltr'>professoresa</span> 
     </span>
     <span class='ocr_line' id='line_1_18' title="bbox 108 1623 1078 1686; baseline 0.003 -4"><span class='ocrx_word' id='word_1_126' title='bbox 108 1641 171 1683; x_wconf 90' lang='lat' dir='ltr'>non</span> <span class='ocrx_word' id='word_1_127' title='bbox 192 1632 315 1686; x_wconf 86' lang='lat' dir='ltr'>constat.</span> <span class='ocrx_word' id='word_1_128' title='bbox 346 1625 538 1685; x_wconf 89' lang='lat' dir='ltr'>Parmenides</span> <span class='ocrx_word' id='word_1_129' title='bbox 560 1626 636 1685; x_wconf 93' lang='lat' dir='ltr'>enirn</span> <span class='ocrx_word' id='word_1_130' title='bbox 653 1633 714 1686; x_wconf 92' lang='lat' dir='ltr'>turn</span> <span class='ocrx_word' id='word_1_131' title='bbox 732 1643 767 1685; x_wconf 92' lang='lat' dir='ltr'>ex</span> <span class='ocrx_word' id='word_1_132' title='bbox 783 1625 893 1686; x_wconf 83' lang='lat' dir='ltr'>dextris</span> <span class='ocrx_word' id='word_1_133' title='bbox 908 1632 970 1685; x_wconf 91' lang='lat' dir='ltr'>tum</span> <span class='ocrx_word' id='word_1_134' title='bbox 987 1644 1003 1686; x_wconf 95' lang='lat' dir='ltr'>e</span> <span class='ocrx_word' id='word_1_135' title='bbox 1019 1623 1078 1685; x_wconf 88' lang='lat' dir='ltr'>lae·</span> 
     </span>
     <span class='ocr_line' id='line_1_19' title="bbox 109 1707 1076 1787; baseline 0.004 -22"><span class='ocrx_word' id='word_1_136' title='bbox 109 1708 154 1769; x_wconf 83' lang='lat' dir='ltr'>vis</span> <span class='ocrx_word' id='word_1_137' title='bbox 171 1707 303 1784; x_wconf 87' lang='lat' dir='ltr'>partibus</span> <span class='ocrx_word' id='word_1_138' title='bbox 319 1709 392 1767; x_wconf 87' lang='lat' dir='ltr'>oriri</span> <span class='ocrx_word' id='word_1_139' title='bbox 406 1710 528 1787; x_wconf 87' lang='lat' dir='ltr'>putavit.</span> <span class='ocrx_word' id='word_1_140' title='bbox 559 1708 691 1787; x_wconf 91' lang='lat' dir='ltr'>Hipponi</span> <span class='ocrx_word' id='word_1_141' title='bbox 707 1726 776 1769; x_wconf 90' lang='lat' dir='ltr'>vero</span> <span class='ocrx_word' id='word_1_142' title='bbox 790 1710 991 1787; x_wconf 85' lang='lat' dir='ltr'>Metapontino</span> <span class='ocrx_word' id='word_1_143' title='bbox 1008 1710 1076 1779; x_wconf 89' lang='lat' dir='ltr'>sive,</span> 
     </span>
     <span class='ocr_line' id='line_1_20' title="bbox 109 1792 1078 1869; baseline 0.002 -18"><span class='ocrx_word' id='word_1_144' title='bbox 109 1799 144 1852; x_wconf 91' lang='lat' dir='ltr'>ut</span> <span class='ocrx_word' id='word_1_145' title='bbox 163 1792 355 1853; x_wconf 82' lang='lat' dir='ltr'>Aristoxenus</span> <span class='ocrx_word' id='word_1_146' title='bbox 375 1798 478 1852; x_wconf 91' lang='lat' dir='ltr'>auctor</span> <span class='ocrx_word' id='word_1_147' title='bbox 499 1800 558 1860; x_wconf 90' lang='lat' dir='ltr'>est,</span> <span class='ocrx_word' id='word_1_148' title='bbox 590 1793 687 1853; x_wconf 88' lang='lat' dir='ltr'>Samio</span> <span class='ocrx_word' id='word_1_149' title='bbox 714 1811 750 1852; x_wconf 91' lang='lat' dir='ltr'>ex</span> <span class='ocrx_word' id='word_1_150' title='bbox 773 1793 908 1853; x_wconf 86' lang='lat' dir='ltr'>medullis</span> <span class='ocrx_word' id='word_1_151' title='bbox 929 1792 1078 1869; x_wconf 86' lang='lat' dir='ltr'>profluere</span> 
     </span>
     <span class='ocr_line' id='line_1_21' title="bbox 63 1875 1078 1955; baseline 0.003 -22"><span class='ocrx_word' id='word_1_152' title='bbox 63 1884 93 1935; x_wconf 79' lang='lat' dir='ltr'>to</span> <span class='ocrx_word' id='word_1_153' title='bbox 111 1892 213 1936; x_wconf 90' lang='lat' dir='ltr'>semen</span> <span class='ocrx_word' id='word_1_154' title='bbox 230 1876 359 1946; x_wconf 89' lang='lat' dir='ltr'>videtur,</span> <span class='ocrx_word' id='word_1_155' title='bbox 381 1876 469 1954; x_wconf 90' lang='lat' dir='ltr'>idque</span> <span class='ocrx_word' id='word_1_156' title='bbox 485 1894 520 1936; x_wconf 93' lang='lat' dir='ltr'>eo</span> <span class='ocrx_word' id='word_1_157' title='bbox 535 1875 671 1953; x_wconf 88' lang='lat' dir='ltr'>probari,</span> <span class='ocrx_word' id='word_1_158' title='bbox 694 1877 772 1955; x_wconf 88' lang='lat' dir='ltr'>quod</span> <span class='ocrx_word' id='word_1_159' title='bbox 788 1884 855 1953; x_wconf 92' lang='lat' dir='ltr'>post</span> <span class='ocrx_word' id='word_1_160' title='bbox 869 1876 1078 1937; x_wconf 87' lang='lat' dir='ltr'>admissionem</span> 
     </span>
     <span class='ocr_line' id='line_1_22' title="bbox 109 1960 1078 2041; baseline 0.001 -21"><span class='ocrx_word' id='word_1_161' title='bbox 109 1960 258 2039; x_wconf 92' lang='lat' dir='ltr'>pecudum</span> <span class='ocrx_word' id='word_1_162' title='bbox 275 1961 299 2019; x_wconf 92' lang='lat' dir='ltr'>si</span> <span class='ocrx_word' id='word_1_163' title='bbox 315 1961 380 2040; x_wconf 92' lang='lat' dir='ltr'>quis</span> <span class='ocrx_word' id='word_1_164' title='bbox 394 1978 493 2021; x_wconf 90' lang='lat' dir='ltr'>mares</span> <span class='ocrx_word' id='word_1_165' title='bbox 507 1961 671 2029; x_wconf 87' lang='lat' dir='ltr'>interimat,</span> <span class='ocrx_word' id='word_1_166' title='bbox 694 1960 836 2021; x_wconf 90' lang='lat' dir='ltr'>medullas</span> <span class='ocrx_word' id='word_1_167' title='bbox 852 1968 953 2041; x_wconf 91' lang='lat' dir='ltr'>utpote</span> <span class='ocrx_word' id='word_1_168' title='bbox 969 1961 1078 2022; x_wconf 88' lang='lat' dir='ltr'>exhau-</span> 
     </span>
     <span class='ocr_line' id='line_1_23' title="bbox 110 2044 1077 2123; baseline 0.001 -20"><span class='ocrx_word' id='word_1_169' title='bbox 110 2051 171 2105; x_wconf 83' lang='lat' dir='ltr'>stas</span> <span class='ocrx_word' id='word_1_170' title='bbox 186 2062 245 2104; x_wconf 89' lang='lat' dir='ltr'>non</span> <span class='ocrx_word' id='word_1_171' title='bbox 261 2046 400 2122; x_wconf 87' lang='lat' dir='ltr'>reperiat.</span> <span class='ocrx_word' id='word_1_172' title='bbox 433 2045 483 2105; x_wconf 93' lang='lat' dir='ltr'>sed</span> <span class='ocrx_word' id='word_1_173' title='bbox 499 2044 577 2104; x_wconf 89' lang='lat' dir='ltr'>hanc</span> <span class='ocrx_word' id='word_1_174' title='bbox 593 2046 763 2123; x_wconf 92' lang='lat' dir='ltr'>opinionem</span> <span class='ocrx_word' id='word_1_175' title='bbox 778 2045 913 2106; x_wconf 93' lang='lat' dir='ltr'>nonnulli</span> <span class='ocrx_word' id='word_1_176' title='bbox 929 2044 1077 2114; x_wconf 85' lang='lat' dir='ltr'>relellunt,</span> 
     </span>
     <span class='ocr_line' id='line_1_24' title="bbox 110 2128 1113 2205; baseline -0.005 -16"><span class='ocrx_word' id='word_1_177' title='bbox 110 2135 144 2189; x_wconf 88' lang='lat' dir='ltr'>nt</span> <span class='ocrx_word' id='word_1_178' title='bbox 163 2128 352 2205; x_wconf 78' lang='lat' dir='ltr'>Anaxagoras</span> <span class='ocrx_word' id='word_1_179' title='bbox 373 2128 560 2189; x_wconf 83' lang='lat' dir='ltr'>Democritus</span> <span class='ocrx_word' id='word_1_180' title='bbox 581 2136 610 2189; x_wconf 92' lang='lat' dir='ltr'>et</span> <span class='ocrx_word' id='word_1_181' title='bbox 631 2128 791 2190; x_wconf 79' lang='lat' dir='ltr'>Alcmaeon</span> <span class='ocrx_word' id='word_1_182' title='bbox 816 2131 1014 2191; x_wconf 82' lang='lat' dir='ltr'>Crotoniates:</span> <span class='ocrx_word' id='word_1_183' title='bbox 1047 2129 1079 2189; x_wconf 93' lang='lat' dir='ltr'>hi</span> <span class='ocrx_word' id='word_1_184' title='bbox 1096 2134 1113 2184; x_wconf 80' lang='lat'>3</span> 
     </span>
     <span class='ocr_line' id='line_1_25' title="bbox 112 2212 1078 2290; baseline 0.001 -17"><span class='ocrx_word' id='word_1_185' title='bbox 112 2213 190 2274; x_wconf 90' lang='lat' dir='ltr'>enim</span> <span class='ocrx_word' id='word_1_186' title='bbox 213 2219 279 2289; x_wconf 90' lang='lat' dir='ltr'>post</span> <span class='ocrx_word' id='word_1_187' title='bbox 299 2229 423 2290; x_wconf 90' lang='lat' dir='ltr'>gregum</span> <span class='ocrx_word' id='word_1_188' title='bbox 444 2214 664 2274; x_wconf 89' lang='lat' dir='ltr'>contentionem</span> <span class='ocrx_word' id='word_1_189' title='bbox 686 2230 746 2273; x_wconf 93' lang='lat' dir='ltr'>non</span> <span class='ocrx_word' id='word_1_190' title='bbox 767 2212 904 2274; x_wconf 91' lang='lat' dir='ltr'>medullis</span> <span class='ocrx_word' id='word_1_191' title='bbox 919 2213 1007 2274; x_wconf 93' lang='lat' dir='ltr'>modo</span> <span class='ocrx_word' id='word_1_192' title='bbox 1029 2232 1078 2274; x_wconf 91' lang='lat' dir='ltr'>ve·</span> 
     </span>
    </p>
   </div>
   <div class='ocr_carea' id='block_1_3' title="bbox 109 2397 1084 3473">
    <p class='ocr_par' dir='ltr' id='par_1_3' title="bbox 109 2397 1084 3473">
     <span class='ocr_line' id='line_1_26' title="bbox 180 2397 1079 2463; baseline 0 -17"><span class='ocrx_word' id='word_1_193' title='bbox 180 2398 203 2446; x_wconf 85' lang='lat'>1.</span> <span class='ocrx_word' id='word_1_194' title='bbox 227 2397 339 2462; x_wconf 83' lang='lat' dir='ltr'>poetica</span> <span class='ocrx_word' id='word_1_195' title='bbox 357 2397 504 2460; x_wconf 78' lang='lat' dir='ltr'>Manutius,</span> <span class='ocrx_word' id='word_1_196' title='bbox 531 2412 664 2462; x_wconf 79' lang='lat' dir='ltr'>poeurcae</span> <span class='ocrx_word' id='word_1_197' title='bbox 681 2398 739 2446; x_wconf 87' lang='lat' dir='ltr'>DV</span> <span class='ocrx_word' id='word_1_198' title='bbox 805 2400 828 2449; x_wconf 83' lang='lat'>2.</span> <span class='ocrx_word' id='word_1_199' title='bbox 853 2411 1036 2463; x_wconf 64' lang='lat' dir='ltr'>courunpanr</span> <span class='ocrx_word' id='word_1_200' title='bbox 1054 2398 1079 2446; x_wconf 75' lang='lat'>1&gt;</span> 
     </span>
     <span class='ocr_line' id='line_1_27' title="bbox 111 2463 1011 2528; baseline 0 -14"><span class='ocrx_word' id='word_1_201' title='bbox 111 2470 171 2514; x_wconf 83' lang='lat' dir='ltr'>ante</span> <span class='ocrx_word' id='word_1_202' title='bbox 189 2479 252 2524; x_wconf 71' lang='lat' dir='ltr'>ras„</span> <span class='ocrx_word' id='word_1_203' title='bbox 271 2467 378 2516; x_wconf 75' lang='lat' dir='ltr'>cornei</span> <span class='ocrx_word' id='word_1_204' title='bbox 444 2466 470 2517; x_wconf 90' lang='lat'>4.</span> <span class='ocrx_word' id='word_1_205' title='bbox 490 2480 504 2514; x_wconf 88' lang='lat' dir='ltr'>e</span> <span class='ocrx_word' id='word_1_206' title='bbox 523 2467 541 2514; x_wconf 83' lang='lat' dir='ltr'>d</span> <span class='ocrx_word' id='word_1_207' title='bbox 559 2463 596 2528; x_wconf 80' lang='lat' dir='ltr'>(in</span> <span class='ocrx_word' id='word_1_208' title='bbox 613 2464 678 2526; x_wconf 87' lang='lat' dir='ltr'>ras.)</span> <span class='ocrx_word' id='word_1_209' title='bbox 702 2465 739 2528; x_wconf 88' lang='lat' dir='ltr'>V,</span> <span class='ocrx_word' id='word_1_210' title='bbox 759 2480 793 2514; x_wconf 89' lang='lat' dir='ltr'>ex</span> <span class='ocrx_word' id='word_1_211' title='bbox 811 2468 876 2517; x_wconf 80' lang='lat' dir='ltr'>cani.</span> <span class='ocrx_word' id='word_1_212' title='bbox 894 2465 1011 2515; x_wconf 78' lang='lat' dir='ltr'>Halmius</span> 
     </span>
     <span class='ocr_line' id='line_1_28' title="bbox 111 2530 1078 2595; baseline -0.002 -12"><span class='ocrx_word' id='word_1_213' title='bbox 111 2533 135 2583; x_wconf 78' lang='lat' dir='ltr'>d.</span> <span class='ocrx_word' id='word_1_214' title='bbox 160 2532 356 2583; x_wconf 79' lang='lat' dir='ltr'>entcerhontus</span> <span class='ocrx_word' id='word_1_215' title='bbox 380 2534 417 2595; x_wconf 86' lang='lat' dir='ltr'>D,</span> <span class='ocrx_word' id='word_1_216' title='bbox 454 2531 623 2583; x_wconf 87' lang='lat' dir='ltr'>ericthonius</span> <span class='ocrx_word' id='word_1_217' title='bbox 650 2532 676 2580; x_wconf 91' lang='lat' dir='ltr'><em>V</em></span> <span class='ocrx_word' id='word_1_218' title='bbox 742 2531 822 2583; x_wconf 91' lang='lat' dir='ltr'>horno</span> <span class='ocrx_word' id='word_1_219' title='bbox 849 2532 875 2580; x_wconf 91' lang='lat' dir='ltr'><em>V</em></span> <span class='ocrx_word' id='word_1_220' title='bbox 942 2533 966 2581; x_wconf 88' lang='grc'>6.</span> <span class='ocrx_word' id='word_1_221' title='bbox 995 2530 1078 2581; x_wconf 79' lang='lat' dir='ltr'>chon·</span> 
     </span>
     <span class='ocr_line' id='line_1_29' title="bbox 111 2597 1080 2664; baseline -0.001 -15"><span class='ocrx_word' id='word_1_222' title='bbox 111 2597 192 2649; x_wconf 80' lang='lat' dir='ltr'>chihe</span> <span class='ocrx_word' id='word_1_223' title='bbox 202 2600 259 2648; x_wconf 87' lang='lat' dir='ltr'>DV</span> <span class='ocrx_word' id='word_1_224' title='bbox 326 2601 351 2651; x_wconf 81' lang='lat'>7.</span> <span class='ocrx_word' id='word_1_225' title='bbox 370 2611 657 2663; x_wconf 77' lang='lat' dir='ltr'>aamautspsnuoroe</span> <span class='ocrx_word' id='word_1_226' title='bbox 669 2599 731 2660; x_wconf 86' lang='lat' dir='ltr'>DV,</span> <span class='ocrx_word' id='word_1_227' title='bbox 745 2599 846 2649; x_wconf 78' lang='lat' dir='ltr'>armati</span> <span class='ocrx_word' id='word_1_228' title='bbox 858 2601 970 2664; x_wconf 79' lang='lat' dir='ltr'>sparteo</span> <span class='ocrx_word' id='word_1_229' title='bbox 981 2599 1080 2649; x_wconf 80' lang='lat' dir='ltr'>Ichnae</span> 
     </span>
     <span class='ocr_line' id='line_1_30' title="bbox 112 2665 1079 2728; baseline 0 -12"><span class='ocrx_word' id='word_1_230' title='bbox 112 2668 153 2717; x_wconf 90' lang='lat'>10.</span> <span class='ocrx_word' id='word_1_231' title='bbox 172 2665 285 2717; x_wconf 83' lang='lat' dir='ltr'>divinus</span> <span class='ocrx_word' id='word_1_232' title='bbox 296 2667 482 2726; x_wconf 68' lang='lat' dir='ltr'>Lucumonem,</span> <span class='ocrx_word' id='word_1_233' title='bbox 501 2665 635 2717; x_wconf 69' lang='lat' dir='ltr'>iterumue</span> <span class='ocrx_word' id='word_1_234' title='bbox 653 2667 713 2715; x_wconf 86' lang='lat' dir='ltr'>DV</span> <span class='ocrx_word' id='word_1_235' title='bbox 778 2669 909 2716; x_wconf 77' lang='lat' dir='ltr'>exaratus</span> <span class='ocrx_word' id='word_1_236' title='bbox 928 2666 1079 2728; x_wconf 65' lang='lat' dir='ltr'>desiliamus,</span> 
     </span>
     <span class='ocr_line' id='line_1_31' title="bbox 112 2732 1080 2798; baseline 0 -14"><span class='ocrx_word' id='word_1_237' title='bbox 112 2748 254 2784; x_wconf 76' lang='lat' dir='ltr'>exesurus</span> <span class='ocrx_word' id='word_1_238' title='bbox 276 2734 301 2783; x_wconf 86' lang='grc' dir='ltr'>Ι)</span> <span class='ocrx_word' id='word_1_239' title='bbox 318 2735 346 2784; x_wconf 90' lang='lat' dir='ltr'><em>V</em></span> <span class='ocrx_word' id='word_1_240' title='bbox 347 2732 370 2794; x_wconf 88' lang='lat'>¹,</span> <span class='ocrx_word' id='word_1_241' title='bbox 402 2738 513 2784; x_wconf 86' lang='lat' dir='ltr'>exortus</span> <span class='ocrx_word' id='word_1_242' title='bbox 539 2735 566 2782; x_wconf 91' lang='lat' dir='ltr'><em>V</em></span> <span class='ocrx_word' id='word_1_243' title='bbox 569 2733 580 2766; x_wconf 81' lang='lat'><strong>²</strong></span> <span class='ocrx_word' id='word_1_244' title='bbox 610 2736 636 2784; x_wconf 82' lang='lat' dir='ltr'>iu</span> <span class='ocrx_word' id='word_1_245' title='bbox 658 2749 737 2798; x_wconf 72' lang='lat' dir='ltr'>marg.</span> <span class='ocrx_word' id='word_1_246' title='bbox 809 2735 849 2782; x_wconf 91' lang='lat'>11.</span> <span class='ocrx_word' id='word_1_247' title='bbox 880 2733 973 2783; x_wconf 90' lang='lat' dir='ltr'>lucum</span> <span class='ocrx_word' id='word_1_248' title='bbox 995 2733 1080 2784; x_wconf 90' lang='lat' dir='ltr'>hone-</span> 
     </span>
     <span class='ocr_line' id='line_1_32' title="bbox 111 2800 1016 2864; baseline -0.001 -14"><span class='ocrx_word' id='word_1_249' title='bbox 111 2804 182 2850; x_wconf 83' lang='lat' dir='ltr'>stum</span> <span class='ocrx_word' id='word_1_250' title='bbox 210 2800 238 2849; x_wconf 92' lang='lat' dir='ltr'><em>V</em></span> <span class='ocrx_word' id='word_1_251' title='bbox 308 2804 349 2850; x_wconf 85' lang='grc'>12.</span> <span class='ocrx_word' id='word_1_252' title='bbox 374 2814 596 2851; x_wconf 76' lang='lat' dir='ltr'>exscumsecuuu</span> <span class='ocrx_word' id='word_1_253' title='bbox 619 2802 644 2849; x_wconf 90' lang='lat' dir='ltr'><em>D</em></span> <span class='ocrx_word' id='word_1_254' title='bbox 719 2801 758 2850; x_wconf 82' lang='lat'>14.</span> <span class='ocrx_word' id='word_1_255' title='bbox 781 2813 937 2864; x_wconf 79' lang='lat' dir='ltr'>pesrtuenr</span> <span class='ocrx_word' id='word_1_256' title='bbox 959 2801 1016 2849; x_wconf 85' lang='lat' dir='ltr'>nV</span> 
     </span>
     <span class='ocr_line' id='line_1_33' title="bbox 111 2863 1023 2932; baseline 0.001 -15"><span class='ocrx_word' id='word_1_257' title='bbox 111 2869 151 2921; x_wconf 83' lang='lat'>15.</span> <span class='ocrx_word' id='word_1_258' title='bbox 170 2866 257 2917; x_wconf 64' lang='lat' dir='ltr'>&amp;cem</span> <span class='ocrx_word' id='word_1_259' title='bbox 276 2868 297 2929; x_wconf 89' lang='lat' dir='ltr'>(i</span> <span class='ocrx_word' id='word_1_260' title='bbox 315 2867 459 2932; x_wconf 75' lang='lat' dir='ltr'>dieras.)</span> <span class='ocrx_word' id='word_1_261' title='bbox 478 2869 503 2917; x_wconf 86' lang='lat' dir='ltr'>I)</span> <span class='ocrx_word' id='word_1_262' title='bbox 573 2869 614 2918; x_wconf 78' lang='lat'>17.</span> <span class='ocrx_word' id='word_1_263' title='bbox 634 2866 735 2918; x_wconf 76' lang='lat' dir='ltr'>dextris</span> <span class='ocrx_word' id='word_1_264' title='bbox 754 2863 817 2929; x_wconf 82' lang='lat' dir='ltr'>(tris</span> <span class='ocrx_word' id='word_1_265' title='bbox 835 2869 854 2918; x_wconf 84' lang='lat' dir='ltr'>d</span> <span class='ocrx_word' id='word_1_266' title='bbox 871 2866 980 2932; x_wconf 85' lang='lat' dir='ltr'>iuras.)</span> <span class='ocrx_word' id='word_1_267' title='bbox 998 2869 1023 2929; x_wconf 82' lang='lat' dir='ltr'><em>D</em></span> 
     </span>
     <span class='ocr_line' id='line_1_34' title="bbox 112 2932 1080 3000; baseline -0.001 -15"><span class='ocrx_word' id='word_1_268' title='bbox 112 2949 126 2985; x_wconf 84' lang='lat' dir='ltr'>e</span> <span class='ocrx_word' id='word_1_269' title='bbox 145 2937 238 2985; x_wconf 70' lang='lat' dir='ltr'>saeuis</span> <span class='ocrx_word' id='word_1_270' title='bbox 257 2932 311 3000; x_wconf 87' lang='lat' dir='ltr'>(uis</span> <span class='ocrx_word' id='word_1_271' title='bbox 330 2937 348 2985; x_wconf 84' lang='lat' dir='ltr'>d</span> <span class='ocrx_word' id='word_1_272' title='bbox 364 2936 391 2984; x_wconf 84' lang='lat' dir='ltr'>in</span> <span class='ocrx_word' id='word_1_273' title='bbox 408 2938 474 2998; x_wconf 86' lang='lat' dir='ltr'>ras.)</span> <span class='ocrx_word' id='word_1_274' title='bbox 490 2936 528 2994; x_wconf 89' lang='lat' dir='ltr'>D,</span> <span class='ocrx_word' id='word_1_275' title='bbox 554 2935 624 2985; x_wconf 82' lang='lat' dir='ltr'>leuis</span> <span class='ocrx_word' id='word_1_276' title='bbox 648 2937 673 2985; x_wconf 95' lang='lat' dir='ltr'><em>V</em></span> <span class='ocrx_word' id='word_1_277' title='bbox 741 2936 781 2985; x_wconf 86' lang='grc'>18.</span> <span class='ocrx_word' id='word_1_278' title='bbox 801 2936 867 2985; x_wconf 88' lang='lat' dir='ltr'>oriri</span> <span class='ocrx_word' id='word_1_279' title='bbox 890 2937 930 2985; x_wconf 85' lang='lat' dir='ltr'>ed.</span> <span class='ocrx_word' id='word_1_280' title='bbox 949 2935 1080 2998; x_wconf 76' lang='lat' dir='ltr'>Eustoch,</span> 
     </span>
     <span class='ocr_line' id='line_1_35' title="bbox 111 2998 1081 3067; baseline 0 -16"><span class='ocrx_word' id='word_1_281' title='bbox 111 2998 183 3052; x_wconf 65' lang='lat' dir='ltr'>uolut</span> <span class='ocrx_word' id='word_1_282' title='bbox 200 3003 225 3051; x_wconf 86' lang='lat' dir='ltr'><em>D</em></span> <span class='ocrx_word' id='word_1_283' title='bbox 245 3000 265 3065; x_wconf 84' lang='lat'>(1</span> <span class='ocrx_word' id='word_1_284' title='bbox 282 3020 356 3067; x_wconf 83' lang='lat' dir='ltr'>apr.</span> <span class='ocrx_word' id='word_1_285' title='bbox 374 3019 414 3061; x_wconf 77' lang='lat' dir='ltr'>ne,</span> <span class='ocrx_word' id='word_1_286' title='bbox 433 3001 603 3066; x_wconf 72' lang='lat' dir='ltr'>mutiletur),</span> <span class='ocrx_word' id='word_1_287' title='bbox 627 3001 699 3053; x_wconf 85' lang='lat' dir='ltr'>adiri</span> <span class='ocrx_word' id='word_1_288' title='bbox 727 3003 763 3066; x_wconf 88' lang='lat' dir='ltr'>V,</span> <span class='ocrx_word' id='word_1_289' title='bbox 785 3003 899 3065; x_wconf 74' lang='lat' dir='ltr'>forsitan</span> <span class='ocrx_word' id='word_1_290' title='bbox 921 3004 978 3053; x_wconf 84' lang='lat' dir='ltr'>clim</span> <span class='ocrx_word' id='word_1_291' title='bbox 998 3002 1081 3065; x_wconf 81' lang='lat' dir='ltr'>fuerit</span> 
     </span>
     <span class='ocr_line' id='line_1_36' title="bbox 110 3069 1064 3135; baseline 0 -16"><span class='ocrx_word' id='word_1_292' title='bbox 110 3074 168 3120; x_wconf 82' lang='lat' dir='ltr'>tum</span> <span class='ocrx_word' id='word_1_293' title='bbox 189 3084 222 3120; x_wconf 81' lang='lat' dir='ltr'>ex</span> <span class='ocrx_word' id='word_1_294' title='bbox 240 3069 355 3121; x_wconf 83' lang='lat' dir='ltr'>dextera</span> <span class='ocrx_word' id='word_1_295' title='bbox 373 3075 430 3120; x_wconf 86' lang='lat' dir='ltr'>tum</span> <span class='ocrx_word' id='word_1_296' title='bbox 450 3086 464 3120; x_wconf 94' lang='lat' dir='ltr'>e</span> <span class='ocrx_word' id='word_1_297' title='bbox 482 3069 567 3122; x_wconf 85' lang='lat' dir='ltr'>laeva</span> <span class='ocrx_word' id='word_1_298' title='bbox 584 3074 664 3135; x_wconf 84' lang='lat' dir='ltr'>parte</span> <span class='ocrx_word' id='word_1_299' title='bbox 684 3069 803 3119; x_wconf 89' lang='lat' dir='ltr'>suboriri</span> <span class='ocrx_word' id='word_1_300' title='bbox 871 3070 993 3135; x_wconf 85' lang='lat' dir='ltr'>hxppout</span> <span class='ocrx_word' id='word_1_301' title='bbox 1009 3070 1064 3118; x_wconf 87' lang='lat' dir='ltr'>DV</span> 
     </span>
     <span class='ocr_line' id='line_1_37' title="bbox 109 3135 1080 3202; baseline -0.002 -15"><span class='ocrx_word' id='word_1_302' title='bbox 109 3151 182 3188; x_wconf 76' lang='lat' dir='ltr'>neno</span> <span class='ocrx_word' id='word_1_303' title='bbox 201 3153 234 3188; x_wconf 77' lang='lat' dir='ltr'>eu</span> <span class='ocrx_word' id='word_1_304' title='bbox 252 3139 278 3187; x_wconf 87' lang='lat' dir='ltr'><em>D</em></span> <span class='ocrx_word' id='word_1_305' title='bbox 346 3140 387 3188; x_wconf 88' lang='grc'>20.</span> <span class='ocrx_word' id='word_1_306' title='bbox 405 3137 523 3202; x_wconf 78' lang='lat' dir='ltr'>probare</span> <span class='ocrx_word' id='word_1_307' title='bbox 546 3139 571 3187; x_wconf 93' lang='lat' dir='ltr'><em>V</em></span> <span class='ocrx_word' id='word_1_308' title='bbox 576 3135 598 3198; x_wconf 89' lang='lat'>¹,</span> <span class='ocrx_word' id='word_1_309' title='bbox 621 3153 691 3189; x_wconf 82' lang='lat' dir='ltr'>corr.</span> <span class='ocrx_word' id='word_1_310' title='bbox 708 3141 774 3187; x_wconf 82' lang='lat' dir='ltr'>m.2</span> <span class='ocrx_word' id='word_1_311' title='bbox 843 3138 884 3187; x_wconf 88' lang='grc'>21.</span> <span class='ocrx_word' id='word_1_312' title='bbox 906 3135 1036 3201; x_wconf 73' lang='lat' dir='ltr'>pecodum</span> <span class='ocrx_word' id='word_1_313' title='bbox 1054 3137 1080 3185; x_wconf 83' lang='grc' dir='ltr'>Ι)</span> 
     </span>
     <span class='ocr_line' id='line_1_38' title="bbox 111 3203 1080 3270; baseline -0.004 -15"><span class='ocrx_word' id='word_1_314' title='bbox 111 3216 255 3256; x_wconf 75' lang='lat' dir='ltr'>manemus</span> <span class='ocrx_word' id='word_1_315' title='bbox 271 3205 275 3270; x_wconf 91' lang='grc' dir='ltr'>Ι</span> <span class='ocrx_word' id='word_1_316' title='bbox 289 3217 414 3270; x_wconf 80' lang='lat' dir='ltr'>peurmar</span> <span class='ocrx_word' id='word_1_317' title='bbox 426 3206 464 3264; x_wconf 88' lang='lat' dir='ltr'>D,</span> <span class='ocrx_word' id='word_1_318' title='bbox 482 3207 518 3255; x_wconf 90' lang='lat' dir='ltr'>ad</span> <span class='ocrx_word' id='word_1_319' title='bbox 528 3218 557 3255; x_wconf 83' lang='lat' dir='ltr'>tn</span> <span class='ocrx_word' id='word_1_320' title='bbox 573 3207 592 3256; x_wconf 88' lang='lat' dir='ltr'>d</span> <span class='ocrx_word' id='word_1_321' title='bbox 605 3219 735 3270; x_wconf 68' lang='lat' dir='ltr'>super-scr.</span> <span class='ocrx_word' id='word_1_322' title='bbox 750 3218 763 3254; x_wconf 80' lang='lat' dir='ltr'>s</span> <span class='ocrx_word' id='word_1_323' title='bbox 781 3203 890 3269; x_wconf 82' lang='lat' dir='ltr'>(omniuo</span> <span class='ocrx_word' id='word_1_324' title='bbox 901 3207 979 3268; x_wconf 74' lang='lat' dir='ltr'>igitur</span> <span class='ocrx_word' id='word_1_325' title='bbox 990 3216 1080 3252; x_wconf 83' lang='lat' dir='ltr'>mares</span> 
     </span>
     <span class='ocr_line' id='line_1_39' title="bbox 110 3269 1084 3338; baseline -0.004 -15"><span class='ocrx_word' id='word_1_326' title='bbox 110 3274 168 3323; x_wconf 81' lang='lat' dir='ltr'>sint</span> <span class='ocrx_word' id='word_1_327' title='bbox 185 3270 262 3337; x_wconf 83' lang='lat' dir='ltr'>cet.)‚</span> <span class='ocrx_word' id='word_1_328' title='bbox 281 3287 371 3324; x_wconf 87' lang='lat' dir='ltr'>mares</span> <span class='ocrx_word' id='word_1_329' title='bbox 389 3273 508 3338; x_wconf 83' lang='lat' dir='ltr'>perimat</span> <span class='ocrx_word' id='word_1_330' title='bbox 530 3273 561 3331; x_wconf 90' lang='lat' dir='ltr'>V,</span> <span class='ocrx_word' id='word_1_331' title='bbox 579 3289 648 3324; x_wconf 86' lang='lat' dir='ltr'>corr.</span> <span class='ocrx_word' id='word_1_332' title='bbox 668 3272 765 3322; x_wconf 80' lang='lat' dir='ltr'>Iahnus</span> <span class='ocrx_word' id='word_1_333' title='bbox 832 3274 873 3322; x_wconf 91' lang='grc'>22.</span> <span class='ocrx_word' id='word_1_334' title='bbox 892 3271 1035 3336; x_wconf 74' lang='lat' dir='ltr'>repperiret</span> <span class='ocrx_word' id='word_1_335' title='bbox 1056 3269 1084 3319; x_wconf 91' lang='lat' dir='ltr'><em>V</em></span> 
     </span>
     <span class='ocr_line' id='line_1_40' title="bbox 109 3339 1080 3407; baseline -0.003 -17"><span class='ocrx_word' id='word_1_336' title='bbox 109 3340 151 3392; x_wconf 81' lang='grc'>23.</span> <span class='ocrx_word' id='word_1_337' title='bbox 170 3351 320 3407; x_wconf 71' lang='lat' dir='ltr'>axqemeorr</span> <span class='ocrx_word' id='word_1_338' title='bbox 337 3341 374 3399; x_wconf 88' lang='lat' dir='ltr'>D,</span> <span class='ocrx_word' id='word_1_339' title='bbox 394 3341 519 3392; x_wconf 82' lang='lat' dir='ltr'>alemeon</span> <span class='ocrx_word' id='word_1_340' title='bbox 541 3340 568 3389; x_wconf 91' lang='lat' dir='ltr'><em>V</em></span> <span class='ocrx_word' id='word_1_341' title='bbox 633 3341 674 3390; x_wconf 89' lang='grc'>24.</span> <span class='ocrx_word' id='word_1_342' title='bbox 693 3354 807 3405; x_wconf 87' lang='lat' dir='ltr'>gregum</span> <span class='ocrx_word' id='word_1_343' title='bbox 827 3339 976 3398; x_wconf 74' lang='lat' dir='ltr'>Gedlielmus,</span> <span class='ocrx_word' id='word_1_344' title='bbox 995 3352 1080 3404; x_wconf 71' lang='lat' dir='ltr'>puae-</span> 
     </span>
     <span class='ocr_line' id='line_1_41' title="bbox 110 3408 406 3473; baseline 0 -15"><span class='ocrx_word' id='word_1_345' title='bbox 110 3419 170 3459; x_wconf 74' lang='lat' dir='ltr'>oam</span> <span class='ocrx_word' id='word_1_346' title='bbox 190 3409 228 3471; x_wconf 86' lang='lat' dir='ltr'>D,</span> <span class='ocrx_word' id='word_1_347' title='bbox 246 3422 357 3473; x_wconf 61' lang='lat' dir='ltr'>mecam</span> <span class='ocrx_word' id='word_1_348' title='bbox 378 3408 406 3458; x_wconf 91' lang='lat' dir='ltr'><em>V</em></span> 
     </span>
    </p>
   </div>
   <div class='ocr_carea' id='block_1_4' title="bbox 0 0 1208 3848">
    <p class='ocr_par' dir='ltr' id='par_1_4' title="bbox 0 0 1208 3848">
     <span class='ocr_line' id='line_1_42' title="bbox 0 0 1208 3848; baseline 0 0"><span class='ocrx_word' id='word_1_349' title='bbox 0 0 1208 3848; x_wconf 95' lang='lat' dir='ltr'> </span> 
     </span>
    </p>
   </div>
  </div>
 </body>
</html>
