2400 3848
314 135 362 182 on
385 135 447 183 om
468 134 600 183 uarum
623 135 698 184 cur.
713 136 763 183 111.
1002 121 1024 187 5

55 276 129 336 sime
155 274 245 335 facias
273 282 395 352 exopto,
427 282 470 344 et,
502 275 581 352 quod
608 274 686 337 idem
714 275 878 354 subiungit,
910 275 1023 338 funde

54 377 196 421 merum
219 361 337 437 genio.

118 443 175 503 Hic
197 443 320 504 forsitan
342 445 408 522 quis
429 452 566 522 quaerat,
589 445 657 523 quid
675 462 781 505 causae
802 446 840 505 sit
859 453 892 504 ut
906 463 1022 506 merum
1041 454 1056 502 2

54 527 240 588 fundendum
261 529 362 606 genio,
384 545 444 588 non
460 529 554 590 hostia
575 529 742 590 laciendum
759 530 911 607 putaverit.
944 529 1023 607 quod

18 623 35 672 5
53 611 184 682 scilicet,
208 619 240 673 ut
253 615 346 674 Varro
370 620 491 674 testatur
512 615 543 673 in
564 632 598 673 eo
614 612 691 674 libro
707 615 754 675 cui
769 613 872 675 titulus
892 620 936 674 est
950 615 1023 675 Atti·

54 713 109 756 cus
125 702 154 757 et
169 704 213 757 est
228 697 264 758 de
280 693 422 766 numeris,
439 696 469 756 id
484 699 575 757 moris
590 699 771 776 institutique
788 700 914 758 maiores
929 701 1023 759 nostri

54 786 230 852 tenuerunt,
245 789 300 850 ut,
325 799 392 841 cum
409 781 456 841 die
471 781 560 842 natali
576 800 683 842 munus
704 781 809 842 annale
824 784 911 860 genio
928 782 1022 842 solve-

54 871 138 931 rent,
169 882 288 926 manum
311 884 327 925 a
351 865 441 925 caede
467 884 502 926 ac
524 868 666 942 sanguine
687 865 885 934 abstinerent,
916 883 954 927 ne
976 867 1023 926 die

57 966 116 1028 qua
143 950 200 1027 ipsi
221 948 318 1010 lucem
341 951 525 1027 accepissent
546 949 594 1010 alii
615 951 776 1010 demerent.
819 951 946 1028 deniqne
960 949 1023 1010 Deli
1041 955 1057 1004 3

10 1042 38 1092 lo
59 1033 97 1093 ad
112 1031 256 1111 Apollinis
271 1034 414 1110 genitoris
429 1053 525 1103 aram,
543 1042 575 1095 ut
591 1033 728 1095 Timaeus
744 1042 846 1095 auctor
863 1041 919 1104 est,
936 1052 1024 1096 nemo

58 1116 187 1178 hostiam
205 1118 309 1178 caedit.
331 1117 404 1178 illud
421 1119 509 1179 etiam
525 1118 555 1177 in
567 1118 624 1178 hoc
640 1119 687 1180 die
703 1118 928 1189 observandum,
946 1119 1024 1197 quod

55 1203 144 1279 genio
170 1202 281 1262 lactum
301 1204 451 1264 neminem
478 1210 595 1281 oportet
618 1211 685 1263 ante
705 1212 824 1282 gustare
846 1221 933 1281 quam
955 1221 1023 1264 eum

54 1286 234 1363 quilecerit.

121 1369 180 1431 Sed
203 1378 232 1431 et
246 1371 305 1431 hoc
327 1370 535 1448 aquibusdam
557 1388 645 1448 saepe
667 1373 830 1450 quaesitum
852 1370 1023 1431 solvendum

10 1461 34 1512 .5
53 1454 185 1524 videtur,
209 1457 259 1533 qui
274 1457 311 1516 sit
326 1457 447 1533 genius
475 1473 565 1516 curve
581 1472 646 1515 erim
664 1456 848 1532 potissimum
870 1451 923 1515 sud
944 1455 1023 1534 quis·

54 1556 113 1618 que
129 1538 218 1599 natali
233 1557 419 1601 veneremur.
450 1539 553 1618 genius
569 1547 613 1600 est
628 1539 716 1616 deus,
736 1538 819 1600 cuius
834 1541 864 1598 in
881 1537 973 1600 tutela
988 1545 1021 1599 ut
1039 1538 1057 1605 3

54 1622 181 1703 quisque
201 1630 287 1684 natus
309 1630 353 1684 est
373 1625 449 1684 vivit.
480 1624 529 1683 hic
545 1624 605 1684 sive
622 1624 699 1702 quod
721 1631 753 1684 ut
768 1641 911 1702 genamur
928 1630 1021 1691 curat,

25 1758 29 1763 .
54 1708 117 1768 sive
145 1706 222 1787 quod
245 1725 304 1768 una
325 1709 441 1785 genitur
463 1707 634 1775 nobiscum,
666 1709 726 1768 sive
753 1711 840 1768 etiam
862 1707 942 1786 quod
964 1724 1022 1767 nos

55 1792 171 1870 genitos
187 1793 309 1870 suscipit
324 1809 358 1852 ac
373 1798 500 1858 tutatur,
523 1799 604 1853 certe
619 1810 635 1851 a
651 1792 786 1870 genendo
803 1793 905 1869 genius
922 1789 1021 1869 appel·

10 1882 36 1933 to
53 1875 143 1937 latur.
176 1876 304 1937 eundem
326 1894 390 1938 esse
412 1877 532 1953 genium
553 1883 583 1936 et
603 1874 695 1936 larem
718 1875 802 1936 multi
822 1883 937 1935 veteres
957 1892 1019 1934 me·
1038 1885 1053 1933 2

55 1962 168 2022 moriae
195 1959 403 2040 prodiderunt,
434 1962 464 2021 in
493 1961 557 2039 quis
584 1961 669 2020 etiam
692 1961 819 2022 Granius
842 1958 966 2020 Flaccus
991 1960 1023 2017 in

53 2044 133 2106 libro
149 2062 238 2123 quem
259 2044 294 2104 ad
312 2044 466 2106 Gaesarem
488 2045 525 2105 de
544 2044 774 2122 indigitamentis
796 2045 937 2124 scriptum
953 2041 1022 2102 reli-

57 2129 128 2208 quit.
165 2129 246 2189 hunc
266 2131 297 2188 in
313 2146 367 2188 uos
383 2129 555 2197 maximam,
578 2130 648 2206 quin
670 2130 760 2189 immo
776 2147 894 2190 omnem
911 2125 1023 2188 habere

55 2219 233 2293 potestatem
261 2212 404 2273 creditum
427 2222 481 2274 est.
526 2210 662 2272 nonnulli
685 2211 772 2273 binos
798 2214 901 2288 genios
926 2212 957 2269 in
976 2210 1057 2272 hiso

10 2298 42 2350 25
57 2296 209 2358 dumtaxat
230 2296 367 2357 domibus
388 2314 463 2375 quae
485 2303 583 2358 essent
597 2298 721 2356 maritae
742 2294 882 2357 colendos
902 2301 1023 2373 putave-

56 2387 141 2442 runt:
159 2380 296 2442 Euclides
309 2381 584 2442 autemSocraticus
596 2379 743 2459 duplicem
753 2379 890 2440 omnibus
901 2379 1022 2440 omuino

56 2465 143 2527 nobis
163 2465 283 2543 genium
299 2465 369 2525 dicit
385 2465 566 2544 adpositum,
589 2482 677 2543 quam
697 2483 762 2526 rem
784 2463 862 2542 apud
877 2462 1023 2524 Lucilium

56 2550 88 2610 in
120 2548 199 2610 libro
225 2549 382 2611 satirarum
410 2562 471 2609 xvl
497 2547 565 2609 licet
593 2566 781 2624 cognoscere.
808 2548 914 2631 ,genio
934 2547 1024 2624 igitur

56 2634 241 2712 potissimum
261 2651 317 2713 per
337 2651 456 2694 omnem
477 2640 603 2694 aetatem
624 2634 781 2712 quotannis
803 2631 1021 2699 sacrificamus3

124 2868 149 2919 ὅ.
169 2882 218 2917 esa
236 2873 315 2917 eoetra
331 2883 429 2918 cereum
447 2865 580 2931 (incertum
598 2884 631 2917 an
649 2885 666 2917 a
682 2885 713 2920 m.
732 2865 758 2930 2)
778 2868 803 2915 D
872 2867 900 2916 6.
923 2869 951 2916 ei
969 2862 1023 2930 est]

58 2937 85 2985 et
100 2934 177 2984 intus
195 2937 260 2988 coni.
280 2935 432 2985 Ritocdelins
449 2941 475 2985 ln
486 2936 578 2985 Indice
594 2936 673 2988 schol.
691 2935 789 2985 libera.
813 2950 837 2983 a.
857 2930 953 2993 1845βό
969 2934 1025 2995 p.4

14 2998 17 3003 '
59 2998 102 3065 (an
119 3017 181 3052 oero
200 3002 353 3053 Censorinus
370 3005 475 3066 scripsit
493 3004 539 3052 cui
555 3001 653 3052 titulus
670 3001 779 3053 Atticus
798 3005 841 3051 est
859 3000 892 3050 de
910 2998 990 3062 canl)

57 3065 192 3136 numeris]
212 3071 370 3121 muneribus
388 3070 532 3128 Manutius,
549 3070 644 3134 probat
661 3070 813 3120 Bitoclelioo
831 3072 847 3120 l.
868 3083 889 3117 c.
904 3084 933 3131 p.
953 3071 969 3116 5

58 3137 97 3188 10.
112 3138 287 3188 armeusDV
354 3139 393 3186 11.
412 3138 537 3188 incurD
607 3136 832 3202 liquem-M
902 3136 942 3186 19.
963 3145 1025 3182 sus-

59 3218 136 3271 cepto
155 3205 218 3266 DV,
242 3221 310 3256 corr.
330 3205 423 3256 Carrio
492 3220 620 3255 rueanun
638 3206 702 3265 DV,
727 3220 796 3255 corr.
816 3202 914 3252 [ulnus
982 3200 1024 3248 21.

59 3273 192 3337 qumDV,
212 3272 311 3336 quidd
377 3274 564 3340 puautusDV
628 3268 846 3336 22.nemqu1o1)
915 3268 957 3319 25.
977 3280 1026 3331 po·

59 3351 205 3391 raueaunr
223 3340 248 3389 Ι)
317 3342 359 3394 at.
379 3355 448 3407 qua*
466 3354 515 3390 ne*
534 3337 625 3405 (quum
644 3353 704 3390 nem
723 3345 782 3390 onte
800 3334 926 3398 rasuram)
945 3335 970 3384 Ι)

58 3407 98 3459 28.
118 3419 290 3459 acarnanum
308 3408 365 3458 DV
429 3410 472 3463 29.
491 3423 561 3473 quor
580 3420 660 3458 eunte
679 3407 704 3456 Ι)
