2400 3848
134 179 176 243 28
390 194 438 240 nn
460 193 522 240 mn
544 191 675 240 nsrnur
697 192 773 240 usn.
789 190 846 239 xv.

136 335 234 411 perio:
270 333 320 394 sed
347 333 427 394 hunc
459 333 559 393 lerunt
586 331 750 393 naturalem
776 331 922 393 stomachi
951 330 1105 391 infirmita·

64 463 65 467 ,
137 427 195 479 tem
219 417 399 497 crebrasque
414 417 541 479 morbidi
557 418 691 496 corporis
712 417 889 476 offensiones
909 416 983 476 adeo
999 416 1107 476 virtute

137 503 228 563 aninri
243 501 294 562 diu
308 508 505 572 sustentasse,
522 509 555 562 ut
570 503 664 578 magis
679 503 787 562 mirum
802 501 839 560 sit
854 500 891 560 ad
906 517 1000 560 annos
1015 512 1106 560 hxui

138 605 206 647 eum
222 587 310 647 vitam
326 584 483 665 pertulisse
499 605 588 665 quam
603 587 682 647 ultra
697 603 758 646 nou
773 583 940 662 protulisse.

85 676 120 733 15
203 669 316 740 Quare,
343 672 528 732 sanctissime
550 668 689 739 Caeselli,
718 687 785 730 cum
805 671 894 730 istum
921 685 1032 730 annum
1056 669 1141 746 quie

137 757 266 815 maxime
282 755 380 816 luerat
395 757 513 833 corpori
529 753 740 816 formidolosus
755 756 819 814 siue
841 752 901 814 ullo
916 753 1107 813 incommodo

136 841 302 909 transieris,
325 847 457 908 ceteros,
481 841 532 917 qui
552 839 679 900 leviores
693 849 777 909 sunt,
802 837 987 899 climacteras
1007 839 1107 898 minus

137 924 191 984 tibi
212 925 388 994 extimesco,
412 927 587 1004 praesertim
611 940 678 984 cum
694 924 723 982 iu
738 929 769 983 te
789 923 878 983 animi
900 925 997 1000 potius
1018 941 1108 1001 quam

139 1010 273 1088 corporis
295 1010 536 1069 naturam-sciam
554 1008 714 1076 dominari,
743 1025 853 1086 eosque
867 1009 947 1066 viros
968 1007 1019 1084 qui
1034 1006 1108 1067 tales

138 1094 260 1153 luerunt
283 1110 343 1152 nou
358 1095 441 1170 prius
461 1095 518 1153 vita
540 1094 701 1152 excessisse
722 1109 811 1170 quam
833 1092 869 1152 ad
891 1108 1003 1151 annttm
1023 1089 1108 1152 illum
1128 1101 1157 1149 10

139 1177 373 1256 octogensimum
394 1185 424 1236 et
443 1180 535 1237 uuum
556 1178 759 1255 pervenerint,
780 1177 812 1234 in
833 1195 892 1256 quo
913 1175 998 1236 Plato
1017 1175 1109 1236 finem

138 1264 214 1322 vitae
236 1268 265 1321 et
285 1260 448 1339 legitimum
476 1273 539 1321 esse
563 1261 738 1321 existimavit
760 1266 789 1319 et
808 1260 913 1321 habuit
933 1259 1107 1335 legitimum.

106 1357 121 1403 2
141 1346 198 1405 hoc
220 1363 299 1405 anuo
321 1351 350 1405 et
369 1345 525 1424 Dionysius
545 1344 750 1415 Heracleotes,
773 1352 807 1406 ut
826 1346 886 1405 nita
906 1343 1016 1414 abiret,
1041 1344 1109 1405 cibo

140 1430 280 1491 abstinuit
296 1437 325 1490 et
340 1436 443 1490 contra
459 1429 605 1507 Diogenes
621 1430 741 1510 cynicus
756 1429 815 1489 cibi
831 1429 976 1490 cruditate
991 1430 1020 1489 in
1036 1429 1109 1489 cho·

139 1516 231 1576 leram
253 1513 367 1575 solutus
388 1521 441 1575 est.
480 1513 693 1574 Eratosthenes
705 1531 828 1592 quoque
847 1512 896 1573 ille
917 1512 999 1573 orbis
1013 1520 1109 1574 terra·
1128 1522 1157 1573 15

139 1617 207 1659 rum
229 1616 349 1659 mensor
370 1606 399 1657 et
420 1597 602 1660 Xenocrates
619 1594 789 1658 Platonicus
810 1599 918 1659 veteris
940 1597 1110 1659 academiae

106 1696 121 1742 a
140 1684 280 1761 princeps
301 1682 338 1742 ad
361 1682 488 1742 eundem
509 1699 619 1743 aunum
642 1682 788 1742 vixerunt.
828 1699 890 1742 uon
912 1683 999 1760 pauci
1020 1684 1109 1742 etiam

141 1784 194 1844 per
219 1768 310 1826 animi
331 1767 465 1844 spiritum
492 1765 635 1826 molestiis
656 1767 791 1844 corporis
814 1767 961 1845 superatis
986 1765 1110 1828 limitem

139 1853 228 1911 istum
245 1851 421 1928 transgressi
436 1857 519 1920 sunt,
541 1859 575 1912 ut
590 1850 770 1920 Carneades,
792 1869 885 1929 aquo
900 1851 987 1911 tertia
1003 1850 1109 1911 acade-

140 1936 198 1997 mia
211 1943 265 2004 est,
282 1954 358 2013 quae
369 1936 477 1996 dicitur
489 1953 574 2004 nova,
590 1937 642 2013 qui
655 1934 691 1996 ad
703 1952 813 1995 anurrm
829 1937 1077 2010 nonagensimum
1083 1955 1108 2006 e,
1127 1945 1159 1993 ao

140 2019 187 2080 vel
202 2018 374 2089 Cleanthes,
398 2025 450 2094 qua·
470 2037 529 2079 uuo
546 2021 643 2079 miuus
657 2026 778 2079 centum
800 2019 934 2098 explevit.
967 2025 997 2079 at
1011 2019 1110 2080 Xeno·

133 2103 253 2180 ,phanes
269 2100 471 2181 Colophonius
492 2105 585 2162 maior
606 2119 750 2164 annorum
772 2109 890 2164 centum
907 2104 970 2165 luit.
1001 2103 1110 2164 Demo·

141 2189 247 2247 critum
275 2204 395 2266 quoque
415 2186 575 2248 Abderiten
601 2194 632 2248 et
657 2187 808 2249 Isocraten
834 2188 986 2248 rhetorem
1009 2189 1110 2248 lerunt

140 2289 235 2351 prope
256 2270 293 2332 ad
314 2271 344 2332 id
368 2273 472 2333 aetatis
492 2272 663 2350 pervenisse
688 2290 748 2351 quo
769 2272 898 2350 Gorgian
920 2272 1109 2343 Leontinum,

142 2373 230 2434 quem
250 2358 382 2416 omnium
405 2363 538 2416 veterum
554 2357 681 2417 maxime
702 2373 805 2417 senem
820 2356 911 2417 luisse
932 2365 961 2417 et
976 2364 1044 2416 octo
1059 2373 1108 2416 su·
1126 2365 1159 2413 ae

107 2450 195 2520 4pra
217 2447 336 2501 centum
358 2457 451 2500 anuos
473 2439 613 2500 habuisse
635 2447 757 2500 constat.
800 2440 878 2519 quod
900 2441 924 2499 si
945 2439 1110 2502 cultoribus

142 2525 300 2601 sapientiae
322 2524 381 2584 sive
406 2542 461 2603 per
487 2524 574 2583 animi
601 2525 739 2585 virtutem
759 2543 812 2585 seu
833 2524 898 2602 lege
919 2523 970 2585 lati
996 2523 1110 2585 diutina

142 2607 247 2687 obtigit
266 2609 339 2680 vita,
362 2626 423 2668 nou
438 2607 564 2687 despero
579 2610 652 2686 quin
667 2615 696 2668 te
712 2626 829 2688 quoque
845 2609 895 2669 diu
910 2626 1037 2687 corpore
1058 2609 1110 2670 ad·

142 2801 344 2810 -κ

211 2930 233 2980 l.
257 2927 413 2977 srhomacht
430 2928 455 2976 D
524 2928 549 2980 4.
567 2925 684 2989 ptulisse
706 2926 735 2976 V
798 2941 853 2978 non
870 2941 1039 2992 pennunssse
1057 2928 1116 2977 DV

141 2994 282 3045 boerelli
309 2995 334 3043 V
350 3010 385 3044 eac
403 2997 444 3044 etl.
515 2996 657 3044 cumdio
674 3010 727 3045 roa.
799 2997 823 3046 7.
847 3009 998 3045 naeutones
1016 2996 1042 3044 D

142 3065 183 3117 11.
204 3062 402 3127 octogesimum
424 3061 449 3111 V
518 3064 559 3112 12.
579 3074 732 3113 exromanus
750 3063 775 3112 D
844 3065 884 3116 13.
903 3062 1036 3114 bsontsuus
1056 3062 1115 3112 DV

142 3132 183 3180 15.
203 3141 336 3179 securum
354 3131 379 3179 D
449 3131 490 3179 16.
508 3143 677 3196 xenocnarts
690 3131 727 3187 J),
745 3133 926 3181 *xenocrates
939 3131 1028 3194 (musa
1040 3129 1068 3195 e)
1086 3130 1114 3180 V

142 3195 318 3248 achabemsae
340 3196 397 3246 DV
463 3199 504 3248 19.
527 3197 692 3248 achademia
718 3197 743 3247 V
810 3199 851 3248 20.
874 3212 949 3249 noua
971 3212 1025 3248 uer.
1043 3213 1111 3248 ene·

143 3264 249 3316 onnhes
268 3263 406 3330 (cleantes
422 3261 462 3330 V)
479 3279 525 3328 qui
543 3263 577 3316 ab
596 3277 696 3316 annum
709 3276 934 3331 nonagensimum
948 3265 1113 3330 (nonagesi-

141 3346 214 3383 mum
231 3333 265 3393 V)
284 3346 337 3383 uno
354 3346 438 3382 uinus
456 3339 571 3383 c'enrum
588 3332 649 3396 DV,
668 3333 828 3398 transposuit
843 3333 956 3390 Iolcum·
978 3335 1044 3384 idem
1062 3348 1110 3384 sc·

142 3400 227 3451 cessit
245 3398 371 3465 (Halmius
382 3400 464 3464 vixit)
480 3409 542 3466 post
551 3401 779 3466 nonagensimum
790 3400 952 3452 interemisse
963 3401 1073 3452 contecta

140 3469 182 3519 21.
201 3468 381 3533 xenophanes
399 3468 454 3518 DV
521 3471 562 3520 28.
582 3472 666 3534 atque
688 3468 714 3517 V
