2400 3848
330 869 833 998 ,Panuunrros

489 1084 540 1098 Μ
541 1083 641 1098 sssssss

143 1259 321 1342 Censorini
348 1273 605 1358 recognoscendi
619 1271 670 1338 ‘ut
699 1273 872 1339 consilium
902 1295 1051 1360 caperem

78 1385 205 1448 factum
227 1395 277 1450 est
299 1385 436 1450 OAROM
458 1383 595 1448 HALMII
616 1383 792 1466 beneficio,
817 1384 873 1468 qui
895 1392 970 1448 ante
992 1384 1051 1449 hos

79 1502 234 1578 quattuor
256 1514 370 1574 annos,
395 1515 469 1558 cum
489 1493 646 1559 Misniam
669 1495 900 1560 convenissent
915 1493 1051 1559 Germa-

78 1605 154 1666 niae
187 1602 252 1668 viri
285 1600 459 1688 philologi,
494 1602 614 1667 obtulit
645 1603 725 1667 mihi
754 1626 850 1668 suum
879 1602 1073 1669 Censorini

81 1711 284 1795 exemplum,
318 1712 354 1774 in
382 1731 445 1796 quo
467 1709 597 1776 variam
624 1711 746 1776 codicis
768 1712 1051 1776 Darmstadiensis

81 1818 280 1903 scripturam
297 1816 550 1901 diligentissime
565 1819 793 1886 adnotaverat.
830 1819 992 1905 Namque,
1014 1829 1053 1884 ut

80 1928 150 1992 fere
165 1926 213 2009 fit,
230 1937 404 2013 postquam
420 1926 550 1992 Ottonis
567 1927 662 1992 Iahni
678 1949 758 1992 cura
773 1928 943 1993 Censorini
957 1929 1051 2011 liber,

79 2039 180 2120 vulgo
193 2038 334 2122 pessime
350 2035 470 2118 editus,
486 2037 606 2101 mirum
621 2047 743 2123 quanto
760 2038 963 2104 emendatior
978 2061 1052 2124 pro·

81 2147 143 2210 diit
165 2168 208 2210 ex
230 2146 398 2211 codicibus
414 2145 681 2211 Darmstadiensi
696 2155 729 2211 et
744 2147 918 2227 Vaticano,
942 2156 1052 2212 tamen

81 2256 162 2320 satis
175 2255 285 2341 ampla
295 2256 410 2322 variae
422 2257 604 2341 scripturae
615 2257 710 2342 copia
725 2258 846 2322 omissa
861 2266 941 2340 erat,
957 2258 1051 2323 cuius

81 2366 111 2428 si
133 2366 219 2431 ratio
242 2365 428 2446 haberetur,
452 2367 572 2430 multos
594 2364 684 2431 locos
708 2366 817 2431 adhuc
838 2367 946 2432 minus
962 2357 1053 2434 redte

80 2475 187 2540 editos
217 2476 336 2560 corrigi
363 2496 461 2560 posse
488 2475 618 2541 viderat
639 2474 803 2540 Halmius.
847 2475 963 2562 Itaque
990 2498 1053 2561 ego

81 2586 202 2648 summi
223 2585 288 2650 viri
311 2585 501 2651 auctoritati
522 2584 665 2651 libenter
686 2586 916 2669 obtemperans
931 2585 1052 2650 Censo-

78 2693 144 2757 rini
166 2692 286 2760 librum
306 2696 355 2759 ita
376 2716 547 2760 recensere
569 2694 708 2775 institui,
731 2702 777 2778 ut,
802 2701 958 2778 quantum
979 2693 1054 2758 fieri

79 2815 203 2887 posset,
226 2804 333 2889 ipsam
348 2805 519 2890 antiquam
534 2802 657 2869 codicis
673 2802 955 2867 Darmstadiensis
972 2803 1052 2866 scri·

78 2922 223 2998 pturam,
245 2935 313 2981 non
326 2913 540 2978 recentiorem
562 2911 652 2976 illam
668 2935 766 2999 quam
788 2910 854 2974 alia
875 2932 992 2976 manus
1014 2913 1050 2976 in

79 3023 221 3086 eundem
246 3021 369 3087 librum
395 3023 520 3106 passim
546 3020 674 3105 intulit,
711 3032 878 3107 tamquam
899 3021 1050 3086 certissi-

79 3154 167 3196 mam
183 3133 298 3197 ducem
321 3153 485 3218 sequerer.
523 3132 631 3213 Quam
652 3132 812 3196 rationem
833 3132 881 3195 ita
895 3129 1050 3195 facillime

82 3242 234 3308 omnibus
257 3242 431 3328 probatum
453 3242 495 3306 iri
518 3243 765 3324 existimabam,
789 3241 817 3306 si
840 3249 873 3306 et
896 3241 1052 3326 antiquae
