2400 3848
365 175 571 223 cananeum
594 173 668 223 cnr.
684 174 732 223 rx.
992 159 1034 225 63

60 317 184 376 inmissa
206 316 365 376 interiores
387 313 510 392 angulos
525 316 656 376 minores
672 314 789 376 duobus
809 316 898 376 rectis
920 315 1031 389 iecerit,

62 399 280 462 eiectas‘lineas
295 417 485 461 concurrere.

127 484 159 545 Si
180 482 300 561 paribus
321 486 401 563 paria
424 483 537 544 adiecta
559 483 683 556 luerint,
710 487 809 546 omnia
829 486 910 562 paria
929 492 1066 555 erunt;2

62 578 92 632 et
113 572 138 630 si
153 568 276 647 parihus
291 570 373 648 paria
389 569 517 648 dempta.
555 575 584 629 et
600 587 674 648 quae
689 569 783 630 isdem
799 572 882 649 paria
898 578 979 640 seint,
1003 577 1032 631 et

26 663 43 712 5
62 656 140 715 inter
157 672 189 714 se
205 654 285 733 paria
301 662 379 714 sum.

440 856 491 906 DE
508 854 655 908 MUSIOA.
681 901 686 912 .
1046 853 1067 912 9

126 991 213 1052 Prior
236 998 280 1053 est
300 994 413 1054 musica
433 993 604 1054 inventione
624 991 756 1053 metrica.
795 1010 862 1053 cum
879 994 938 1054 sint
953 994 1031 1054 enim

11 1084 43 1134 10
61 1076 258 1157 antiquissimi
283 1083 439 1155 poetarum
459 1077 607 1149 Homerus
626 1076 771 1138 Hesiodus
793 1076 949 1148 Pisandes,
977 1078 1032 1138 hos

62 1161 156 1224 secuti
180 1160 312 1240 elegiarii
328 1161 457 1223 Callinus
471 1162 666 1224 Mimnermus
681 1161 816 1233 Euenus,
839 1180 908 1222 mox
928 1163 1030 1223 Archi·

61 1245 166 1307 lochus
195 1254 223 1307 et
243 1245 409 1307 Simonides
431 1247 597 1307 trimetrum
620 1245 797 1314 iambicum,
826 1246 961 1308 chorium
983 1266 1030 1307 ca·

60 1328 230 1393 talecticum
257 1337 451 1393 tetrametron
473 1333 699 1410 conposuerint,
726 1331 920 1392 Archilochus
943 1334 1030 1393 etiam
1049 1338 1065 1386 2

62 1422 207 1478 commata
231 1415 365 1478 versibus
391 1415 564 1493 adplicando
588 1416 710 1475 variavit
732 1416 835 1495 epodis
857 1433 911 1494 per
938 1416 1030 1494 pluri·

15 1505 44 1555 15
61 1519 125 1561 mas
145 1501 275 1577 species,
312 1501 404 1563 secuit
426 1499 548 1562 Alcman
575 1517 717 1561 numeros
737 1498 847 1561 †etiam
873 1501 979 1561 minuit
1000 1503 1030 1560 in

61 1602 191 1647 carmen.
231 1585 301 1646 hinc
323 1586 439 1665 poetice
460 1585 574 1647 melice.
611 1593 640 1645 at
660 1584 795 1646 Telesilla
818 1586 905 1646 etiam
925 1586 1031 1662 Argiva

60 1671 236 1730 minutiores
256 1669 347 1731 edidit
362 1689 511 1732 numeros.
544 1687 620 1747 quae
636 1671 750 1748 species
767 1688 833 1731 cum
857 1671 913 1731 iam
931 1669 1030 1749 displi-

61 1760 144 1816 ceret
169 1761 199 1816 et
218 1756 334 1832 integra
356 1753 475 1816 brevior
497 1754 659 1826 videretur,
691 1755 892 1834 magnitudine
911 1755 1031 1816 Pindari

61 1839 178 1900 adserta
194 1846 252 1910 est,
275 1841 326 1917 qui
340 1839 452 1901 liberos
467 1843 557 1900 etiam
572 1856 714 1900 numeros
729 1840 824 1900 modis
841 1838 940 1900 edidit.
975 1840 1031 1900 hos

16 1927 45 1977 20
60 1925 153 1985 secuti
168 1924 273 1985 musici
287 1924 462 1985 Timotheus
477 1932 507 1985 et
521 1923 658 2002 Polyidos
673 1929 703 1986 et
718 1923 882 2004 Hyperides
897 1930 927 1984 et
943 1921 1030 2002 Phyl-

60 2007 96 2069 lis
112 2017 142 2070 et
157 2007 336 2069 clarissimus
356 2027 425 2070 cum
440 2010 544 2088 peritia
561 2015 623 2070 tum
645 2008 812 2086 eloquentia
827 2009 1028 2070 Aristoxenus.

61 2092 202 2154 modulati
217 2095 354 2171 protinus
369 2101 484 2155 cantus.
515 2111 570 2155 nec
586 2101 685 2155 tamen
701 2091 760 2154 †an
776 2111 837 2155 non
851 2102 937 2174 putes
954 2094 1028 2154 anti·
1048 2097 1064 2146 3

62 2179 182 2256 quiores
203 2185 307 2239 cantus
330 2196 395 2239 esse
417 2180 563 2246 numeris,
586 2180 638 2240 sed
660 2181 787 2241 rusticos
803 2186 833 2240 et
852 2177 1026 2248 inconditos,

130 2383 152 2430 1.
173 2379 241 2431 duos
260 2395 354 2431 aeonis
373 2394 461 2446 panes
480 2394 597 2430 secema·
613 2380 676 2445 DV,
695 2396 764 2432 corn.
782 2381 940 2436 Neomenias,⁸
962 2381 1031 2445 conf.

60 2454 144 2498 temen
158 2448 270 2499 θνοπιαι.
286 2466 314 2513 p.
329 2452 388 2506 379,
402 2451 437 2499 13
504 2450 530 2502 4.
550 2463 603 2512 que
625 2449 653 2499 V
719 2448 822 2500 eisdem
839 2452 921 2514 urelqo,
941 2448 1031 2499 eidem

60 2519 126 2570 coni.
143 2515 241 2566 Ichnae
310 2518 351 2568 10.
374 2515 536 2581 Terpander
558 2519 623 2568 coni.
642 2517 767 2568 Cauchius
836 2519 876 2570 11.
895 2531 1030 2582 qaectuus

61 2595 203 2635 cumeanus
223 2598 361 2634 euuecrus
379 2584 436 2634 DV
484 2583 666 2649 archiloglius
682 2585 710 2635 V
775 2587 815 2636 12.
835 2586 1031 2636 tamarceumD

61 2653 102 2702 13.
122 2649 276 2716 conposuei
296 2652 322 2702 V
389 2650 567 2702 anchmocutu
586 2653 644 2703 DV
709 2654 750 2702 14.
768 2664 909 2703 commone
925 2652 981 2704 DV

61 2718 157 2784 epodis
176 2718 206 2769 G.
226 2720 402 2778 Hermannns,
425 2734 571 2784 euporius
590 2716 636 2785 (eu
653 2722 680 2770 in
697 2718 762 2782 ras.)
781 2721 815 2783 D,
841 2735 875 2771 ea
893 2721 985 2785 potius
1007 2720 1035 2770 V

61 2788 102 2839 15.
121 2798 249 2838 enecuere
267 2787 325 2837 DV
372 2800 506 2838 numanus
524 2789 557 2846 D,
576 2803 645 2839 corr.
665 2790 690 2847 d,
709 2788 842 2838 numertis
859 2788 884 2836 V
936 2792 963 2838 et
980 2787 1029 2836 im-

59 2854 161 2904 minuit
174 2869 287 2905 cermen
305 2855 369 2906 coni.
383 2856 560 2906 Lachmannuc
571 2863 676 2906 anctore
688 2855 836 2906 Hermanno
906 2855 946 2905 16.
966 2869 1032 2920 poe·

61 2935 140 2972 ricae
158 2922 216 2972 DV
282 2935 403 2974 monicae
424 2937 527 2973 arnae:
546 2936 612 2973 teca
631 2924 668 2984 D,
687 2923 795 2988 melicq·
816 2921 976 2973 aeaectlla
998 2923 1028 2981 V,

58 3005 128 3042 corr.
143 2989 236 3041 Carrio
306 2990 403 3055 argine
420 2991 445 3039 V
513 2992 552 3042 18.
571 2991 708 3040 diceretur
722 2990 751 3040 V
817 2993 857 3043 19.
876 3003 980 3044 cenasse
996 2991 1029 3050 D,

59 3057 148 3108 libros
166 3058 225 3121 dV,
245 3074 313 3108 corr.
336 3059 510 3108 Lachmannus
579 3057 679 3106 indidit
701 3061 766 3107 coni.
785 3058 963 3109 Lachmannuc

59 3127 158 3175 omnino
178 3127 209 3175 de
227 3129 379 3177 oc13-19
397 3128 465 3190 conf.
486 3125 515 3174 θ.
522 3125 663 3175 Hermann.
682 3127 743 3189 epit.
761 3127 933 3177 cincinorum.
952 3126 1030 3187 §571

59 3193 102 3244 20.
120 3191 252 3254 Polyidus
270 3192 399 3259 Scaliqer,
418 3192 522 3258 pondos
541 3194 597 3242 DV
645 3191 753 3257 Phyllis
771 3193 910 3256 Manutius,
931 3206 1029 3242 roncas

60 3259 116 3308 DV
118 3278 128 3316 ,·
146 3262 212 3310 alins
228 3262 338 3311 virorem
349 3263 487 3311 <lectorum
503 3262 663 3312 coniecturas
681 3262 713 3311 de
731 3261 770 3311 lu'e
786 3263 935 3311 musicorum
952 3262 1029 3310 nomi·

60 3327 133 3377 nidus
144 3329 201 3377 eide
213 3331 284 3392 apud
294 3329 402 3378 Iahnnrn
453 3330 493 3378 21.
508 3329 609 3392 peritia
626 3330 652 3378 V
661 3331 688 3378 in
699 3345 753 3383 rae.
804 3330 845 3378 22.
858 3332 990 3393 protenus
1006 3326 1034 3376 V

130 3410 166 3444 an
179 3410 233 3445 non
250 3397 283 3459 V,
302 3410 374 3447 euno
388 3398 421 3459 D,
440 3398 570 3460 annunti,
589 3412 644 3447 non
656 3398 741 3448 codex
753 3396 873 3460 Munatii,
890 3397 959 3462 quod
968 3409 1030 3460 pro·

61 3462 104 3512 hat
118 3463 260 3514 Urtieheins
316 3466 358 3517 23.
373 3478 494 3515 nusrtcts
507 3465 564 3514 DV
617 3465 768 3517 inconditis
785 3466 812 3514 V
815 3462 832 3530 ¹,
849 3479 919 3518 corr.
931 3481 962 3514 m.
974 3478 1028 3515 ree.
