2400 3848
87 213 110 257 x
463 208 672 277 palasano.
740 173 743 177 ’

87 345 229 413 editores
246 345 374 412 Graeca
396 345 544 428 admisit,
569 367 629 431 ego
645 367 743 432 porro
766 346 889 412 codicis
912 348 1062 432 vestigia

87 464 276 543 persecutus
299 478 342 521 ex
363 455 414 520 his
438 455 584 521 Graecae
608 457 788 543 scripturae
809 455 956 542 reliquiis
978 454 1059 542 plus

87 565 257 632 dimidiam
277 575 406 653 partem
428 567 463 630 in
484 567 621 632 Latinas
644 566 827 633 litterarum
854 566 975 631 formas
998 588 1061 633 re-

88 677 179 742 duxi.

150 787 206 852 Ad
234 808 378 874 eaquae
405 787 479 852 imis
501 788 632 873 paginis
662 788 705 853 ad
733 786 878 872 singulos
907 807 1059 873 quosque

85 896 174 962 locos
202 898 362 964 adnotavi
389 918 566 984 perpauca·
581 897 635 962 hic
662 906 738 963 sunt
764 896 926 962 addenda.
972 896 1060 961 Oum

86 1006 271 1072 Urlichsius
286 1007 321 1071 in
336 1006 504 1072 annalium
519 986 637 1094 quibus
653 1006 767 1073 titulus
790 1017 841 1073 est
855 1008 922 1072 Eos
945 1005 1011 1072 vol.
1021 1006 1059 1071 II

88 1119 140 1203 (p.
163 1115 227 1182 456
247 1118 311 1204 ss.)
346 1116 520 1183 nonnullas
547 1118 656 1182 varias
685 1117 865 1204 scripturas
897 1140 915 1182 e
943 1116 1059 1182 codice

85 1226 352 1291 Darmstadiensi
366 1226 568 1312 protulisset,
584 1237 699 1313 postea
713 1236 846 1313 rogatus
863 1228 905 1293 ab
920 1225 1058 1292 Halmio

85 1335 220 1401 eosdem
241 1334 330 1403 locos
354 1336 460 1405 denuo
482 1339 626 1423 inspexit
653 1359 756 1424 eaque
777 1358 862 1425 quae
883 1337 1060 1423 discrepa-

86 1455 159 1510 rent
181 1446 223 1512 ab
238 1445 363 1512 Halmii
385 1446 557 1513 collatione
571 1470 647 1513 cum
661 1448 723 1512 hoc
736 1470 796 1534 per
811 1447 947 1514 litteras<
960 1469 1059 1513 com-

86 1557 278 1623 municavit.
326 1557 382 1620 Ex
408 1557 459 1621 his
490 1556 646 1623 subsidiis
676 1579 715 1622 ea
742 1578 825 1642 quae
853 1557 1059 1642 pertinerent

87 1666 130 1730 ad
153 1674 317 1731 extremas
339 1665 515 1751 fragmenti
537 1667 675 1753 paginas
696 1667 731 1730 in
754 1666 956 1750 corrigendis
979 1666 1059 1751 pla—

86 1774 173 1859 gulis
200 1775 357 1841 adhibere
378 1778 487 1862 potui3
520 1797 562 1840 ex
583 1777 694 1862 priore
721 1785 830 1841 autem
851 1784 962 1861 parte,
991 1797 1058 1859 qua

87 1884 267 1950 Iahnianae
302 1884 454 1952 editionis
487 1886 628 1972 paginae
659 1886 784 1972 primae
821 1906 881 1949 sex
915 1881 1056 1948 collatae

87 2003 196 2076 erant,
218 1995 300 2058 haee
322 1995 550 2060 tantummodo
574 1995 616 2058 ad
638 2002 783 2059 nostram
806 1992 1055 2058 adnotationem

88 2102 242 2168 addenda
264 2111 353 2168 sunt:
377 2103 450 2188 p.3,
465 2104 493 2166 1.
517 2102 621 2168 celato
637 2107 673 2182 D,
697 2103 769 2189 p.4,
786 2103 816 2168 3.
840 2110 1057 2186 conparatum

87 2218 128 2291 D,
151 2215 181 2277 5.
203 2211 315 2304 beata]
344 2212 421 2277 unci
447 2224 560 2280 notam
589 2214 650 2280 sub
678 2221 864 2278 extremae
886 2208 1057 2276 addidisse

87 2323 220 2389 videtur
240 2345 357 2387 manus
380 2324 539 2407 secunda,
563 2345 593 2408 p.
611 2325 642 2406 5,
657 2324 687 2388 6.
710 2323 932 2411 institutique,
958 2322 1006 2385 17.
1023 2329 1059 2385 ut

88 2439 115 2498 D
139 2435 188 2518 (at
209 2433 297 2498 idem
316 2453 464 2512 pacamur
485 2434 600 2515 habet,
624 2444 661 2500 ut
683 2433 807 2499 editum
829 2441 889 2505 est,
912 2453 978 2496 non
998 2451 1057 2508 pe-

87 2543 224 2628 nemcr),
252 2542 305 2609 21.
331 2543 439 2630 inquis
462 2549 506 2615 D,
539 2542 655 2629 inquid
682 2548 717 2622 d,
739 2542 822 2629 pli,
841 2543 870 2607 1.
892 2540 1057 2632 prpterlrs

88 2654 148 2719 dei
163 2659 206 2734 D,
233 2654 409 2742 pretereat
431 2653 482 2718 dei
506 2657 535 2717 d.
565 2687 609 2702 --
639 2653 685 2718 Ut
714 2651 840 2739 reliqua
867 2671 1056 2738 persequar,

87 2766 206 2829 iterum
227 2772 324 2848 grata
343 2762 500 2828 memoria
522 2763 700 2849 repetenda
722 2771 773 2828 est
793 2761 905 2829 Caroli
920 2757 1057 2838 Halmii,

88 2874 145 2959 qui
171 2884 248 2937 cum‘
272 2873 370 2938 etiam
399 2894 471 2937 eam
500 2895 632 2958 operam
668 2873 703 2936 in
730 2894 765 2938 se
794 2871 993 2957 suscepisset
1021 2879 1059 2933 ut

87 2981 239 3070 plagulas
267 2983 357 3069 typis
387 3003 560 3068 expressas
587 2981 787 3068 perlegeret,
819 2980 939 3047 multos
969 2977 1057 3041 locos

89 3113 149 3157 sua
175 3091 364 3157 coniectura
391 3091 580 3157 correxerit.
626 3090 681 3156 Ex
702 3092 820 3179 quibus
849 3109 923 3154 cum
944 3086 1058 3171 plera-

89 3224 151 3288 que
173 3203 240 3266 suis
256 3200 335 3266 locis
358 3201 502 3269 adscribi
517 3202 693 3289 potuerint,
716 3202 769 3266 hic
790 3205 893 3264 restat
914 3207 951 3263 ut
967 3217 1061 3262 oom-

88 3322 284 3377 memoretur
316 3334 349 3398 p.
372 3311 407 3387 8,
429 3312 450 3377 6
481 3317 652 3391 conformat
680 3320 714 3377 et
740 3332 772 3394 p.
794 3309 851 3391 35,
873 3307 913 3372 21
949 3312 982 3373 tc
1007 3326 1060 3370 cor

90 3422 226 3508 (omisso
242 3422 312 3508 que)
336 3423 453 3490 coniici
470 3425 512 3491 ab
527 3421 676 3502 Halmio,
699 3429 769 3485 tum
791 3442 824 3506 p.
841 3419 893 3503 40,
912 3420 928 3482 l
953 3418 1060 3483 eidem
