2400 3848
40 40 54 89 l.

152 2562 194 2615 eia
210 2565 286 2629 oripo
353 2576 506 2629 pnaortoaa
521 2564 548 2613 D

193 77 337 164 Munera
358 120 394 163 ex
416 120 489 163 auro
505 102 551 164 vel
567 120 644 182 quae
659 120 695 163 cx
716 109 838 181 argento
854 104 961 173 nitent,
986 104 1098 166 caelato
1112 96 1126 153 1

130 205 224 268 opere
239 204 329 268 quam
343 189 466 248 materia
483 188 615 257 cariora,
632 194 792 268 ceteraque
806 188 864 248 hoc
879 204 972 265 genus
987 188 1101 250 blandi·

130 279 231 334 menta
246 270 383 332 fortunae
397 271 491 332 inhiat
505 275 557 333 ille
575 274 626 349 qui
641 271 729 350 vulgo
745 272 826 334 dives
846 280 982 333 vocatur:
1005 282 1034 335 te
1050 292 1101 334 au·

130 366 203 427 tem,
219 356 326 428 Quinte
339 355 472 425 Caerelli
489 358 603 417 virtutis
619 373 679 417 non
694 358 792 417 minus
804 374 892 435 quam
907 359 1101 437 pecuniarum

95 447 112 496 o
131 441 266 513 divitem,
289 440 319 501 id
335 447 380 502 est
394 458 464 502 vere
480 440 615 511 divitem,
637 442 691 502 ista
711 459 772 501 non
788 442 922 518 capiunt;
945 459 1006 501 non
1022 437 1130 520 quoo2

131 543 237 587 eorum
258 524 477 604 possessionem
499 524 544 585 vel
560 527 648 586 etiam
664 543 750 586 usum
771 542 786 585 a
802 531 832 585 te
848 527 969 586 omnino
986 525 1101 588 abiace-

131 611 188 679 ris,
211 609 264 671 sed
280 610 360 688 quod
376 610 551 689 sapientium
569 608 722 688 disciplina
738 610 882 669 formatus
905 610 975 671 satis
989 608 1101 688 liquido

131 695 294 773 conperisti
315 695 404 755 huius
420 695 500 755 modi
517 693 572 754 sita
592 692 753 754 inlubrico
769 692 847 754 hona
863 691 976 753 malave
997 710 1052 772 per
1068 710 1103 755 ee

130 795 193 840 non
209 796 287 848 esse,
303 778 438 841 seducitur
454 777 575 855 potor,
597 778 657 838 hoo
673 785 716 838 est
731 777 879 838 bonorum
895 777 1102 857 malorumque

87 866 115 917 10
131 862 228 924 modia
254 864 380 923 censeri.
417 863 522 933 haec,
551 870 583 923 ut
604 863 737 923 comicus
759 864 800 923 ait
820 861 992 932 Terentius,
1015 858 1130 941 per-3

131 946 217 1008 inde
238 955 323 1008 sunt
344 954 384 1008 ut
403 946 512 1007 illius
533 953 588 1008 est
609 947 751 1008 animus
774 947 835 1024 qui
856 963 896 1006 ea
916 946 1100 1024 possiden

132 1032 196 1109 qui
222 1031 276 1092 uti
297 1031 370 1092 scit
397 1031 429 1091 ci
450 1029 561 1104 bona,
590 1028 651 1090 illi
676 1031 828 1109 quinon
855 1032 976 1090 utitur
996 1036 1100 1090 recte

133 1115 236 1176 mala.
272 1115 363 1193 igitur
384 1115 522 1194 quoniam
544 1115 669 1194 quisque
690 1131 751 1174 non
774 1120 883 1192 quanto
903 1112 990 1193 plura
1004 1114 1132 1194 possi-4

99 1262 102 1267 ,
133 1199 197 1269 det,
214 1198 267 1261 sed
283 1207 392 1277 quanto
407 1200 548 1278 pauciora
564 1205 654 1279 optat,
670 1205 752 1259 tanto
769 1206 813 1259 cst
827 1196 1013 1277 locupletior,
1030 1215 1103 1277 opes

92 1285 117 1338 ti
132 1282 187 1344 tibi
209 1284 240 1343 ln
263 1284 361 1344 animo
384 1284 544 1354 maximae,
576 1290 606 1344 et
626 1300 679 1344 eae
700 1283 820 1363 quidem
841 1301 918 1363 quae
938 1300 997 1343 non
1013 1282 1102 1343 modo

132 1367 212 1429 bona
235 1368 353 1446 generis
374 1368 497 1428 humani
517 1366 710 1446 praecedant,
743 1367 796 1427 sed
818 1383 893 1444 quae
920 1366 956 1427 ad
979 1367 1102 1428 deorum

132 1450 345 1513 immortalium
368 1453 575 1514 aeternitatem
594 1452 713 1530 penitus
733 1449 884 1511 accedant.
922 1449 1001 1530 quod
1023 1451 1101 1510 enim

132 1535 300 1616 Xenophon
316 1535 484 1597 Socraticus
500 1535 586 1606 dicit,
602 1533 676 1596 nihil
692 1551 781 1612 egere
797 1540 842 1597 est
856 1535 996 1604 deorum,
1013 1551 1102 1613 quam

133 1621 255 1682 minime
269 1629 368 1682 autem
383 1621 551 1699 proximum
567 1620 660 1680 adiis.
690 1637 782 1699 quare
798 1637 866 1680 cum
882 1618 958 1680 dona
973 1618 1132 1699 pretiosao

199 1820 309 1887 Inctptr
320 1835 403 1873 nmen
421 1819 502 1872 actuo
519 1822 557 1880 D,
580 1820 687 1871 Inoutr
699 1834 782 1870 urnae
796 1819 801 1883 Ι
817 1833 963 1871 cnnsomm
974 1834 1012 1870 ao
1024 1844 1031 1859 ·
1043 1835 1062 1878 o
1073 1844 1080 1859 ·
1093 1821 1097 1884 Ι

134 1902 295 1939 oamnrvu
317 1890 343 1939 V
409 1890 434 1939 2.
453 1903 540 1954 opere
556 1884 561 1953 1
577 1900 657 1953 quam
675 1888 708 1951 Ι),
728 1901 782 1936 non
798 1893 859 1951 post
876 1901 964 1953 opcno
981 1889 1102 1952 romam.

133 1953 595 2021 adacr.d,01³naulnonnunquum
618 1957 644 2005 V
709 1969 816 2004 corana
834 1966 906 2017 quaa
924 1956 949 2003 D
1018 1957 1043 2004 3.
1062 1969 1102 2005 nr·

133 2022 208 2074 hiant
225 2023 252 2073 m·
270 2022 330 2086 (ent
340 2023 370 2073 hi
383 2024 402 2073 d
412 2025 439 2072 in
449 2023 515 2085 rao.)
534 2023 572 2083 D,
591 2021 701 2072 inhiant
718 2021 748 2070 hi
770 2022 801 2078 V,
820 2019 910 2070 inhiat
928 2021 952 2070 is
972 2021 1063 2071 Carrio

133 2088 236 2141 diuites
259 2091 319 2141 dV
384 2093 522 2141 uocantur
547 2091 573 2140 V
640 2090 667 2138 4.
694 2091 793 2152 quente
818 2085 912 2152 (eroco
930 2086 955 2152 i)
983 2089 1010 2138 V
1076 2088 1101 2138 6.

133 2170 259 2209 outcome
277 2158 311 2222 D,
332 2172 401 2209 corr.
420 2158 440 2207 d
506 2157 532 2210 8.
551 2172 611 2208 *rna
631 2153 720 2220 (erasa
738 2153 762 2219 a)
782 2155 819 2218 Ι),
838 2154 881 2204 ita
902 2155 928 2204 V
995 2156 1020 2205 9.
1041 2168 1102 2205 ease

131 2238 237 2277 mour
253 2226 294 2289 D,
325 2239 437 2290 reaper
454 2226 563 2289 primam
580 2226 690 2275 litteram
713 2237 813 2273 eranam
832 2224 892 2272 add.
911 2223 941 2284 d,
974 2235 1035 2272 esse
1053 2219 1103 2273 aad

132 2304 195 2345 των
217 2292 247 2343 V
311 2294 352 2344 10.
374 2292 433 2343 Ter.
453 2293 551 2342 Heaut.
570 2292 596 2354 I,
616 2295 642 2351 2,
660 2294 695 2342 21
706 2306 728 2341 u.
799 2291 839 2341 11.
857 2302 948 2340 innius
967 2289 1029 2353 DV,
1048 2288 1103 2340 inl·

132 2358 186 2411 lina
205 2360 226 2411 d
294 2361 334 2411 12.
356 2373 381 2411 et
398 2360 468 2424 DV,
493 2360 560 2410 uode
578 2360 656 2410 dueta
674 2366 821 2409 transverso
840 2358 930 2409 addito
954 2357 1067 2421 erfecit
1085 2356 1104 2405 d

201 2428 247 2480 io.
267 2439 382 2481 maxime
398 2428 456 2478 DV
523 2441 558 2477 ee
580 2428 606 2477 V
614 2429 676 2477 m.2
746 2427 787 2478 17.
806 2423 993 2476 inmortalium
1011 2424 1037 2473 V

132 2508 269 2613 poeninas
286 2496 313 2547 n
381 2496 421 2548 18.
439 2508 541 2562 *ecana
552 2496 586 2558 D,
605 2494 739 2560 regerent
807 2495 847 2544 19.
865 2491 929 2544 hren
941 2492 978 2554 Ι),
998 2489 1053 2543 dii·
1069 2487 1102 2552 V,

854 2642 901 2703 Χ*
