2400 3848
337 109 345 114 '
364 121 570 170 rnaeusurr
593 123 668 172 cae.
684 124 735 171 ru.
993 109 1035 174 57

68 262 183 341 busque
206 261 362 341 antipodes
381 261 455 323 inira
477 262 580 345 sunt],
612 263 689 340 quod
719 269 752 323 ut
778 280 864 342 posse
891 263 1037 334 rideatur,

68 347 200 408 efficiunt
213 346 308 408 flexus
323 346 567 426 obliquitatesque
583 356 741 408 terrarum.
764 345 942 429 [anticiones
957 348 1035 409 idem

67 440 96 492 et
111 432 276 492 antistoclre
292 439 321 492 et
335 434 483 509 antiscepe
498 431 715 513 nominantur]

129 515 234 594 Incipit
261 515 384 595 signiter
404 533 463 576 non
486 515 523 576 ab
550 523 683 578 extremo
710 517 822 578 circulo
844 536 899 578 uec
925 517 961 578 ad
985 537 1036 579 ex·

31 609 196 662 5tremum
217 601 415 681 pertenditur,
437 601 488 661 scd
511 600 547 660 ab
568 602 670 662 infimo
686 603 801 682 tropico
821 601 942 663 australi
963 601 1037 663 liru-

66 684 196 766 malique
223 685 328 758 codem
349 703 404 765 per
430 685 674 763 aequinoctialem
702 686 738 747 ad
759 705 906 748 summum
929 686 1036 748 solisti-

66 769 165 832 tialem
197 770 384 850 eundemque
414 769 579 831 aestivalem
606 789 662 850 per
687 770 817 832 medium
845 771 1036 852 longitudinis

66 852 289 935 latitudinisque
317 862 475 933 porrectus
504 859 537 916 e'n
566 854 730 934 obliquum.
775 855 877 917 circuli
903 856 1073 934 signiferis

66 947 168 1017 partes
183 952 312 1008 ccccx,
334 941 417 1018 signa
434 939 606 1009 duodecim,
629 942 757 1019 partium
773 939 888 1017 singula
910 943 1036 1002 tricena·

18 1036 50 1086 10
66 1042 149 1094 rom,
179 1042 307 1104 quorum
327 1025 472 1104 quaedam
492 1025 625 1095 minora,
657 1025 799 1102 quaedam
821 1024 963 1104 ampliora
986 1024 1037 1106 [et

66 1106 198 1186 †poploe
219 1108 340 1170 anatona
364 1107 540 1189 dicunturJz
569 1109 621 1169 sed
642 1109 831 1188 conpensatio
852 1113 884 1171 in
906 1112 1038 1190 quinque

66 1199 169 1271 partes
189 1193 321 1254 creditur
340 1193 496 1271 adplicari,
527 1201 560 1253 ut
579 1195 637 1254 sint
659 1212 764 1256 omnies
785 1195 916 1272 signiferi
936 1202 1037 1274 partes

67 1289 213 1339 ccccxv.
242 1278 351 1339 horum
366 1278 535 1358 incipientia
551 1277 589 1339 ab
605 1278 697 1338 ariete
711 1279 802 1340 altera
819 1286 889 1340 sunt
905 1278 1035 1360 [maseu-

67 1361 135 1423 linis
160 1361 322 1443 femininis]
355 1360 553 1423 masculorum
581 1361 744 1432 natalibus,
775 1362 830 1422 alia
858 1363 1035 1424 seminarum

26 1447 281 1509 inconvenientia.
325 1449 395 1508 item
419 1453 557 1524 quartum
577 1447 716 1527 quodque
744 1466 847 1508 corum
875 1455 926 1508 aut
943 1449 1074 1527 tropi-6

68 1549 136 1592 cum
157 1539 208 1592 aut
228 1531 354 1592 solidum
381 1539 433 1592 aut
453 1530 591 1593 biforme.
636 1532 760 1610 incipiet
780 1532 976 1593 dinumeratio
998 1531 1035 1592 ab

68 1617 177 1686 ariete,
199 1615 277 1694 quod
295 1617 411 1693 signum
434 1617 581 1695 tropicum
599 1623 653 1678 est.
689 1616 872 1696 tropicorum
890 1617 949 1677 duo
969 1622 1038 1677 suut

68 1699 304 1780 aequinoctialia,
321 1706 404 1762 aries
419 1709 448 1762 et
461 1699 554 1772 libra,
571 1701 630 1762 duo
646 1700 827 1771 solistitialia,
844 1703 1038 1781 capricornus

69 1791 98 1845 et
109 1802 227 1856 cancer,
243 1786 366 1864 tropicis
380 1787 515 1864 proxima
531 1785 633 1856 solida,
650 1787 813 1864 anteposita
829 1785 874 1845 liis
889 1786 1036 1847 biformia.

21 1989 52 2063 ao
219 1988 271 2038 nu
289 1986 442 2038 sunonis
460 1986 557 2038 snus
574 1987 623 2038 cr
640 1949 879 2066 as'rsurrrsusT
1052 1978 1074 2037 s

133 2120 291 2183 Stellarum
317 2122 390 2184 aliae
418 2142 484 2183 cum
513 2123 595 2184 caelo
622 2123 774 2193 feruntur,
803 2125 930 2200 ideoque
958 2123 1038 2201 quod

69 2224 128 2267 non
151 2207 297 2268 excedunt
318 2225 388 2268 suos
409 2205 491 2268 locos
512 2207 587 2268 lixae
608 2210 813 2278 nominantur,
830 2208 913 2269 ‘aliae
934 2218 1037 2270 eontra

136 2396 161 2442 2.
184 2396 262 2444 voluit
281 2396 411 2459 placenter
434 2392 628 2445 antichthonss
650 2393 723 2445 idem
742 2398 771 2444 et
794 2393 986 2445 antistoeehoe
1010 2399 1042 2445 et

69 2459 232 2527 antiscopoe
258 2461 437 2512 nominantur
504 2464 674 2513 asricroses
697 2463 735 2520 1),
766 2463 920 2512 antistones
937 2461 975 2510 ·V

68 2529 93 2578 3.
113 2528 268 2592 autisteche
286 2527 313 2596 (e
325 2545 356 2578 m.
369 2529 435 2590 ree.)
458 2532 487 2579 et
504 2528 665 2596 antisehepe
685 2529 711 2597 (e
722 2546 753 2581 m.
766 2529 831 2593 rec.)
854 2530 883 2579 V
946 2531 971 2578 5.
990 2528 1040 2580 sed

68 2602 184 2646 nomme·
194 2595 227 2657 D,
246 2596 295 2647 sed
314 2597 349 2647 ab
367 2596 464 2645 intimo
476 2597 530 2658 dil,
549 2596 598 2647 sed
616 2599 652 2649 ab
670 2597 724 2647 imo
741 2600 814 2662 mdpo
866 2597 1040 2661 manuque

68 2661 160 2728 (buum
173 2662 305 2726 dieras.)
319 2663 344 2712 D
412 2665 437 2714 6.
454 2663 630 2716 solstitialem
652 2666 677 2714 V
744 2666 769 2714 7.
788 2662 940 2730 ιοιεςιτιιδο
953 2665 1040 2715 trahis

68 2728 269 2795 narraudrstsq.
282 2733 308 2781 D
375 2732 401 2785 8.
415 2732 547 2782 maddidi
597 2732 728 2796 obliquae
739 2733 818 2784 schol.
832 2732 960 2794 Gemma„
971 2735 1040 2784 unde

70 2799 211 2851 Urlielmius
228 2799 340 2863 oblique
392 2797 486 2849 cuculi
508 2800 533 2848 V
536 2798 545 2832 ¹
563 2815 636 2851 cerr.
652 2802 713 2851 m.2
783 2800 822 2851 11.
841 2814 1037 2863 popae-easa-

69 2881 143 2917 sona
161 2867 199 2927 D,
218 2866 301 2933 poplo
321 2882 393 2916 eane
411 2866 473 2916 lora
495 2868 523 2916 V
524 2903 531 2927 ‚
550 2867 634 2932 polon
652 2865 794 2932 anaphora
811 2870 878 2917 coni,
898 2867 1041 2918 Hortensius

121 2933 229 2996 nocuum
248 2936 281 2994 D,
301 2933 397 2984 dieunt
418 2935 446 2983 V
493 2935 523 2983 in
540 2935 632 2986 addim
699 2936 740 2984 12.
759 2933 902 2998 adplicare
925 2936 951 2984 V
965 2938 1037 2998 calpe

70 3003 115 3052 13.
134 3003 220 3051 auleti
233 3000 287 3066 (eti
305 3004 324 3052 d
333 3003 359 3052 in
370 3001 436 3062 rac.)
455 3001 481 3049 D
552 3005 580 3051 et
596 3000 759 3051 masculinis
778 3000 889 3050 feminis
912 3001 945 3062 V,
963 3003 1039 3053 eiecit

71 3068 212 3119 dracmam
281 3071 321 3119 14.
339 3068 482 3118 natalibus
498 3069 577 3121 celiel.
598 3069 690 3126 Germ..
710 3082 904 3119 narunantsus
920 3069 977 3118 uV

70 3136 213 3200 160partr'1
233 3137 269 3195 (in
285 3152 366 3200 marp.
384 3152 416 3188 m.
433 3150 485 3185 rec.
504 3134 615 3201 quartis)
635 3151 728 3186 eorum
747 3151 826 3200 quoq;
848 3138 877 3186 V
941 3137 982 3186 16,
1001 3150 1039 3184 un

69 3203 203 3254 derosme
221 3205 259 3267 D,
287 3208 337 3254 eut
358 3202 479 3254 deforme
502 3204 570 3268 Ν,
597 3203 809 3255 camoenalem
879 3205 920 3256 18.
943 3203 1038 3266 aequi-

69 3268 187 3322 noctiali
208 3271 236 3319 V
301 3272 375 3322 aries
398 3286 445 3321 om.
463 3270 535 3319 DV>
584 3271 673 3323 librae
692 3271 744 3321 duo
762 3270 925 3321 solstitialia
947 3271 973 3320 V

71 3340 111 3390 19.
131 3350 248 3388 maxima
266 3339 324 3389 DV
387 3338 530 3390 deronmta
549 3339 604 3389 DV
669 3341 710 3391 20.
730 3353 833 3389 scennis
852 3339 876 3388 D
947 3354 1040 3388 errau-

68 3406 144 3457 tibus
162 3406 274 3464 lainam
292 3422 338 3472 epo
355 3409 436 3457 malim
454 3407 625 3472 vagantibus
642 3410 699 3460 coll.
717 3424 743 3470 p.
756 3409 826 3467 59,1
