2400 3848
324 898 374 948 DE
392 897 580 949 NATURALI
597 896 869 952 INSTITUTIONE.
1102 897 1118 954 1

174 1038 269 1120 Initia
292 1076 393 1119 rerum
416 1059 519 1119 cadem
543 1057 688 1121 elementa
710 1066 740 1120 et
764 1057 909 1140 principia
932 1057 1081 1120 dicuntur.

112 1161 146 1202 ea
161 1145 246 1204 stoici
261 1143 387 1205 eredunt
400 1149 536 1205 tenorem
551 1143 646 1224 adque
661 1143 823 1204 materiam.
859 1150 1009 1213 tenorem,
1032 1143 1083 1222 qui

111 1229 282 1290 rarescente
304 1229 426 1289 materia
448 1247 464 1288 a
486 1227 584 1289 medio
603 1227 706 1289 tendat
726 1227 764 1288 ad
785 1246 948 1297 summurn,
977 1227 1081 1290 eadem

77 1316 94 1366 o
112 1322 323 1374 concrescente
338 1330 443 1374 rursus
458 1331 475 1374 a
490 1329 606 1374 summo
621 1311 770 1373 referatur
786 1312 822 1373 ad
837 1311 977 1374 medium.
1001 1310 1079 1372 Tha·

110 1395 154 1457 les
169 1397 299 1458 Milesius
315 1415 421 1475 aquarn
437 1397 615 1477 principium
630 1397 761 1457 omnium
776 1396 863 1466 dixit,
886 1403 915 1457 et
929 1395 1000 1456 alias
1016 1397 1079 1473 opi·

110 1481 215 1543 ninnes
230 1498 318 1559 sopra
333 1479 443 1543 rettuli,
467 1482 634 1543 Stoicorum
650 1481 749 1559 opinio
764 1479 925 1558 probanda,
943 1480 1075 1559 quicum
1095 1493 1110 1542 a

110 1573 174 1627 arte
199 1567 386 1645 conpositum
408 1566 510 1631 mnndi
537 1583 623 1645 opus,
638 1563 877 1637 considerarent,
907 1563 1079 1625 introduxe-

109 1655 181 1711 runt
200 1659 337 1712 naturam
359 1650 511 1729 providam
528 1669 563 1712 ac
576 1651 765 1730 sapientiam,
787 1667 875 1730 quarn
891 1649 965 1710 ordo
980 1648 1080 1729 inper-

65 1737 94 1788 10
110 1733 261 1806 mutabilis
276 1735 458 1805 ostenderet,
475 1742 505 1796 et
519 1734 662 1796 industria
678 1735 787 1796 tactum
803 1735 1078 1814 pronuntiaverunt.

109 1820 171 1880 sive
191 1826 353 1899 perpetuus
374 1821 434 1881 sive
453 1818 615 1898 longaevus
636 1825 681 1880 est
700 1817 828 1880 mundns
850 1825 879 1878 et
899 1819 928 1878 in
945 1816 1080 1878 flammas
1097 1824 1113 1875 3

110 1903 172 1965 abit
191 1910 220 1965 et
240 1905 369 1966 vicissim
390 1922 427 1967 ex
441 1902 568 1965 flammis
587 1911 747 1965 renovatur
767 1920 801 1964 ac
821 1902 1002 1972 restituitur,
1025 1900 1079 1962 du·

109 1986 245 2050 rantibus
261 1996 358 2049 tamen
374 1988 536 2068 principiis,
552 2006 609 2050 nec
623 1987 778 2050 reccidere
793 1987 830 2048 ad
847 1985 971 2050 nihilum
987 1984 1079 2048 videri

109 2079 222 2151 potest,
244 2073 323 2153 quod
338 2073 369 2132 in
384 2091 417 2135 se
432 2073 531 2135 deficit
551 2081 580 2135 et
594 2073 630 2150 in,
645 2091 678 2135 se
692 2073 866 2150 regignitur.
911 2077 941 2133 et
962 2076 1078 2133 constat
1094 2075 1112 2126 4

64 2157 229 2238 liquidem
259 2163 399 2236 quattuor
429 2156 594 2228 elementis,
631 2166 729 2233 terra,
761 2175 851 2236 aqua,
882 2157 966 2234 igne,
998 2173 1077 2217 aere.

110 2243 194 2303 cuius
209 2240 403 2322 principalem
420 2240 513 2303 solem
529 2240 647 2320 quidam
663 2248 783 2320 putant,
805 2247 838 2300 ut
853 2238 1025 2309 Cleanthes;
1051 2246 1080 2299 et

110 2325 291 2405 Chrysippus
311 2326 449 2397 aethera,
473 2327 557 2387 cuius
576 2333 659 2386 motu
673 2326 800 2406 perenni
820 2323 953 2386 subiecta
972 2330 1079 2385 tenen·

109 2418 158 2470 tur
177 2419 207 2471 et
228 2410 488 2480 administrantur,
509 2411 622 2488 etipse
645 2409 764 2489 quidem
785 2411 888 2472 aether
909 2406 982 2470 nihil
1002 2409 1078 2488 pati·

109 2502 172 2564 tnr;
202 2512 254 2555 aer
274 2495 394 2557 aethera
413 2511 518 2574 supra,
539 2495 616 2555 inira
639 2513 760 2574 aquarn:
791 2511 860 2555 aera
881 2511 971 2572 supra
992 2509 1078 2572 aqua,

63 2583 92 2633 20
109 2578 186 2639 inira
212 2586 333 2642 terram.
377 2588 458 2640 terra
483 2580 583 2640 omnia
609 2597 645 2641 ex
670 2597 703 2641 se
729 2579 860 2640 omnium
884 2577 1114 2657 permixtiones

176 2781 227 2832 DE
245 2781 434 2834 NATURALI
450 2779 714 2833 INSTITUTIONE
732 2787 781 2831 cet.
804 2783 871 2831 nullo
893 2781 979 2844 spatio
1001 2781 1081 2830 imer-

107 2851 193 2913 poeito
221 2851 308 2900 auimo
331 2849 464 2901 Censorini
488 2855 628 2916 sequnntur
653 2849 679 2898 in
699 2847 755 2897 DV
821 2851 846 2900 3.
874 2851 957 2914 atquc
989 2847 1016 2896 V

107 2918 317 2969 &assumtum
370 2917 491 2968 nancel)
560 2917 768 2976 tneraunnrl)
836 2912 1086 2981 nepusmundiV

109 2986 152 3034 10.
171 2988 199 3034 et
216 3001 264 3038 om.
280 2985 340 3034 DV
404 2985 446 3036 12.
464 2998 552 3036 aaaron
572 2983 676 3046 (hortor
695 2989 754 3033 ante
771 2980 837 3047 ras.)
855 2983 880 3032 D
951 2985 979 3032 et
996 2981 1082 3032 uicie-

108 3051 160 3100 eim
179 3053 312 3101 diurne.
383 3053 424 3104 14.
442 3051 603 3110 δεῑιοιιτῦ,
621 3057 672 3100 tum
690 3055 718 3100 et
736 3051 876 3104 om.DV,
919 3051 959 3100 10.
978 3063 1081 3099 creon·

108 3132 160 3168 res
184 3133 218 3168 eo
240 3133 392 3185 eresippus
410 3119 468 3168 DV
534 3114 574 3184 et]
599 3121 629 3168 at
651 3117 749 3168 Iatour
772 3118 907 3169 secundnm
929 3116 1079 3176 Maeotim,

108 3188 153 3237 set
170 3187 368 3238 conilialmtue
438 3189 479 3238 18.
498 3200 587 3238 neren
604 3186 630 3235 D
700 3189 740 3237 19.
759 3198 831 3238 nene
850 3184 1079 3236 nerbono-sn·

108 3268 163 3318 praa
182 3266 281 3318 nquam
300 3255 362 3318 DV,
380 3269 449 3306 corr.
469 3255 501 3306 L.
517 3255 550 3304 de
561 3253 614 3304 Ion
630 3259 657 3304 et
674 3254 707 3305 L.
722 3254 862 3305 Urttclreiuo
879 3258 905 3303 tn
917 3251 986 3302 Mus.
999 3251 1081 3302 thn.

109 3320 156 3371 ΧΙ
174 3325 265 3385 p.159
334 3323 375 3373 20.
400 3335 472 3374 oman
496 3337 548 3373 exe
569 3323 608 3385 D,
632 3323 705 3374 omni
723 3337 786 3386 sex,
809 3323 900 3374 omero
917 3335 962 3384 se,
989 3318 1018 3368 V

108 3401 258 3454 permtxrto
276 3391 301 3439 D
