2400 3848
175 188 217 252 36
368 272 370 275 ¹
399 202 448 249 uu
470 202 532 249 um
555 201 687 250 uanum
709 201 784 250 car.
809 204 908 250 xum.

175 345 211 403 iis
232 348 349 404 centurn
371 342 501 420 dragmis
528 341 661 420 abusque
688 359 765 401 anno
788 342 1051 421 quinquagensimo
1074 342 1145 402 item

177 426 321 488 decedere
347 428 376 486 in
398 444 457 486 uno
483 445 600 505 quoque
620 426 720 491 binas:
757 445 792 487 ex
816 444 874 506 quo
895 427 1087 504 perspicuum
1108 427 1146 486 sit

177 513 358 573 centensimo
374 529 451 572 anno
469 511 568 572 redire
584 510 619 571 ad
637 511 704 570 anni
720 512 808 589 primi
823 511 939 588 pondus
956 528 1011 572 nec
1028 509 1146 588 longius

180 597 267 656 vitam
283 614 370 675 posse
386 595 563 674 producere.

126 690 159 740 15
240 679 384 750 Quoniam
411 681 500 759 igitur
522 678 604 741 civile
626 680 831 740 Romanorum
853 678 1003 741 saeculum
1026 686 1178 739 centumt

177 768 262 825 annis
277 766 464 841 transigitur,
481 766 558 824 scire
574 762 643 824 licet
658 765 688 823 in
706 765 821 824 decimo
837 763 955 825 saeculo
972 771 1001 824 et
1015 765 1146 841 primum

177 847 304 910 natalem
322 856 403 910 tuum
425 849 516 910 luisse
532 859 561 910 et
575 848 752 909 hodiernum
769 867 843 910 esse.
880 856 952 927 quot
967 856 1064 909 autem
1081 867 1146 909 sae·

177 932 242 995 cula
262 933 330 994 urbi
350 933 462 994 Romae
485 933 663 1003 debeantur,
689 932 789 994 dicere
810 951 907 994 meum
929 951 989 993 non
1011 942 1070 995 est:
1094 933 1146 994 sed

177 1018 246 1098 quid
268 1018 346 1098 apud
362 1019 524 1079 Varronem
544 1017 667 1096 legerim
684 1035 743 1077 non
760 1017 879 1085 tacebo,
902 1019 952 1096 qui
973 1017 1049 1078 libro
1071 1018 1145 1078 anti·

177 1104 321 1182 quitatum
351 1102 607 1163 duodevicensimo
635 1102 675 1161 uit
702 1102 791 1162 luisse
818 1104 952 1164 Vettium
978 1102 1090 1163 Romae
1115 1103 1146 1161 in
1163 1112 1191 1161 10

177 1188 301 1264 augurio
323 1204 383 1247 non
403 1185 579 1263 ignobilem,
601 1187 719 1264 ingenio
741 1204 863 1264 magno,
893 1188 984 1247 cuivis
1006 1187 1094 1248 docto
1115 1189 1146 1247 in

177 1271 368 1349 disceptando
383 1289 501 1348 parem:
527 1288 594 1332 eum
610 1290 643 1331 se
658 1271 774 1331 audisse
790 1271 953 1341 dicentem,
971 1272 996 1330 si
1012 1273 1052 1331 ita
1069 1277 1147 1333 esset

177 1361 209 1415 ut
230 1355 384 1416 traderent
404 1355 536 1416 historici
556 1355 593 1416 de
613 1354 733 1416 Romuli
756 1355 840 1416 urbis
860 1356 1032 1417 condendae
1053 1373 1146 1434 augu-

177 1441 228 1500 riis
246 1458 281 1500 ac
296 1454 347 1500 xri
362 1439 501 1510 vulturis,
527 1440 666 1519 quoniam
684 1452 754 1500 cxx
770 1457 863 1500 annos
885 1439 1042 1500 incolumis
1058 1458 1146 1519 prae·

177 1526 297 1585 terisset
317 1524 445 1605 populus
460 1525 624 1594 Romanus,
647 1525 683 1584 ad
705 1522 784 1586 mille
807 1532 835 1584 et
856 1525 999 1586 ducentos
1019 1542 1146 1604 perren·
1164 1533 1190 1582 u

177 1615 287 1670 turum.

124 1694 161 1757 18
241 1693 390 1753 Hactenus
412 1693 522 1753 dictum
545 1692 581 1753 de
601 1691 733 1753 saeculo:
762 1711 842 1753 nunc
864 1693 900 1754 de
922 1697 1006 1754 annis
1026 1695 1147 1755 maiori·

177 1776 235 1838 bus
250 1777 361 1846 dicam,
384 1795 510 1856 quorum
526 1778 699 1856 magnitudo
715 1777 788 1838 adeo
805 1777 918 1839 diversa
933 1787 992 1838 tarn
1010 1777 1147 1857 gentibus

178 1860 333 1924 observata
359 1880 447 1941 quarn
474 1860 647 1924 auctoribus
673 1862 779 1923 tradita
805 1869 863 1932 est,
901 1870 934 1922 ut
960 1861 1008 1923 alii
1034 1880 1147 1923 aunum

177 1964 318 2024 maguum
340 1964 406 2008 esse
426 1947 456 2006 in
479 1947 562 2007 annis
583 1946 765 2008 vertentibus
786 1946 916 2016 duobus,
939 1945 987 2007 alii
1002 1948 1031 2007 in
1047 1945 1147 2008 multis
1163 1957 1192 2006 ab

178 2031 297 2091 milibus
313 2048 459 2092 annorum
482 2030 616 2091 arbitrati
632 2032 699 2091 sint.
732 2031 809 2109 quod
825 2029 911 2110 quale
926 2033 977 2099 sit,
1000 2033 1059 2092 iam
1076 2031 1147 2092 hinc

144 2123 160 2173 2
179 2115 309 2175 conabor
325 2113 487 2175 absolvere.
510 2121 626 2175 veteres
641 2117 671 2175 in
683 2115 805 2176 Graecia
823 2116 953 2176 civitates
968 2133 1035 2176 cum
1052 2117 1147 2177 auim-

178 2199 378 2268 adverterent,
402 2198 471 2259 dum
492 2197 535 2259 sol
551 2217 649 2259 annuo
669 2217 758 2261 cursu
774 2199 878 2260 orbem
896 2217 982 2261 suum
1000 2201 1146 2269 circumit,

177 2282 279 2345 lunam
314 2301 419 2344 novam
452 2284 601 2345 interdum
632 2285 770 2346 tridecies
800 2286 910 2345 exoriri
939 2284 1028 2363 idque
1058 2302 1148 2364 saepe

178 2367 299 2429 alternis
319 2369 397 2436 fieri,
421 2367 555 2428 arbitrati
575 2376 644 2428 sunt
663 2369 783 2430 lunares
804 2367 959 2430 duodecim
977 2371 1096 2430 meuses
1118 2377 1192 2431 etat

178 2453 360 2513 dimidiatum
377 2451 414 2513 ad
429 2469 539 2512 annum
555 2452 718 2514 naturalem
736 2454 903 2514 convenire.
937 2455 1036 2531 itaque
1053 2471 1148 2515 annos

178 2535 277 2598 civiles
304 2537 346 2596 sic
366 2542 547 2604 statuerunt,
572 2543 605 2596 ut
630 2535 831 2599 intercalando
858 2539 991 2599 lacerent
1016 2538 1148 2600 alternos

178 2621 335 2682 duodecim
356 2638 506 2690 mensum,
528 2618 656 2682 alternos
680 2622 838 2693 tredecim,
860 2630 1020 2703 utrumque
1035 2640 1148 2684 annum

180 2706 339 2782 separatim
363 2711 541 2775 vertentem,
566 2705 683 2766 iunctos
703 2705 791 2766 ambo
813 2724 923 2767 annum
939 2724 1081 2785 magnum
1096 2725 1148 2767 vo·

179 2798 288 2850 cantes.
320 2788 407 2866 idque
428 2796 546 2868 tempus
561 2789 711 2851 trieterida
732 2789 935 2870 appellabant,
957 2791 1035 2870 quod
1058 2793 1195 2854 tertiato

179 2892 295 2953 quoque
316 2890 393 2933 anno
415 2873 662 2944 intercalabatur,
686 2877 819 2954 quamvis
834 2875 945 2938 biennii
960 2877 1102 2938 circuitus
1119 2884 1149 2937 et

246 3077 270 3124 1.
293 3074 337 3125 his
363 3076 391 3124 V
456 3076 581 3140 abusque
603 3077 793 3138 Lachmannua,
817 3075 881 3143 adq,
903 3080 941 3141 D,
970 3079 1027 3144 atq3
1055 3079 1084 3127 V

178 3143 408 3208 quinquagesimo
430 3142 457 3192 V
521 3147 546 3196 3.
566 3145 718 3196 centesimo
740 3147 764 3194 V
831 3148 855 3195 7.
876 3145 944 3209 quob
962 3146 987 3195 D
1056 3146 1081 3200 8.
1099 3161 1150 3196 ωι-

178 3223 221 3260 nts
239 3210 264 3259 D
333 3212 373 3262 10.
398 3210 621 3263 duodeuicesimo
648 3214 675 3263 V
741 3215 781 3262 11.
806 3227 920 3278 eucoruo
942 3213 967 3262 D
1036 3213 1149 3278 ignore·

177 3278 263 3328 bilem
285 3279 312 3327 V
378 3293 456 3329 cums
475 3281 541 3341 DV,
565 3280 624 3331 eius
647 3296 679 3330 m.
698 3296 752 3331 reo.
771 3282 798 3331 in
818 3280 847 3328 V
865 3282 891 3330 in
908 3296 990 3346 marp.
1060 3281 1149 3333 boc'ro

179 3346 216 3407 D,
246 3345 352 3396 doctori
373 3347 399 3395 V
419 3353 493 3397 etm.
511 3349 683 3398 recentiorive
700 3349 738 3411 D,
766 3346 883 3398 doctiori
901 3349 1079 3400 naeumannuo

180 3414 220 3462 12.
240 3428 342 3463 esseur
360 3415 385 3462 D
455 3416 494 3464 13.
518 3415 668 3466 tradebant
690 3415 717 3463 V
783 3415 823 3465 14.
846 3413 911 3483 cxx]
938 3433 972 3468 ex
988 3432 1007 3467 x
1025 3418 1084 3467 DV

180 3481 221 3531 18.
240 3476 308 3547 tum]
329 3493 415 3531 earam
436 3483 491 3532 DV
555 3483 596 3534 24.
614 3482 752 3533 terdecies
768 3485 840 3548 culpo
