2400 3848
331 125 379 173 nu
401 125 464 173 nm
485 125 617 174 xerunt
639 126 777 176 cantv.
1018 115 1040 178 7

69 266 229 336 sententia,
261 282 318 344 qua
338 282 457 344 semper
477 264 641 326 humanum
662 283 757 344 genus
782 268 874 328 fuisse
896 268 1036 341 ereditur,

68 358 208 413 auctores
228 348 318 410 habet
333 350 521 429 Pythagoran
537 350 667 412 Samium
690 358 720 413 et
735 350 868 414 Ocellam
884 352 1037 415 Lucanum

69 441 100 495 et
123 435 276 514 Archytam
301 434 495 496 Tarentinum
525 452 687 514 omnesque
713 436 787 497 adeo
814 437 1035 517 Pythagoricos.

67 519 121 580 sed
149 527 178 580 et
201 517 284 579 Plato
310 519 498 580 Atheniensis
524 527 554 580 et
578 519 760 581 Xenocrates
786 527 814 582 et
839 520 1037 583 Dicaearchus
1071 574 1075 581 .

32 601 233 664 tllessenius
257 604 388 682 itemque
418 605 557 682 antiquae
584 604 753 666 academiae
780 604 949 685 philosophi
975 623 1036 667 non

68 686 148 747 aliud
175 687 312 748 videntur
339 688 462 765 opinati,
495 687 666 749 Aristoteles
693 708 811 770 quoque
832 690 986 768 Stagirites
1008 698 1038 751 et

66 770 292 850 Theophrastus
312 770 455 853 multique
475 780 629 850 praeterea
644 790 704 834 non
725 772 870 852 ignobiles
890 776 1037 854 peripate·
1139 788 1154 799 ·

67 856 120 915 tici
134 853 212 916 idem
228 856 420 935 scripserunt.
453 857 573 936 eiusque
589 858 634 918 rei
654 856 789 937 exemplo
807 856 923 938 [dicunt
941 856 1035 939 quod]

66 946 179 1017 negant
198 940 320 999 omnino
340 956 429 1017 posse
448 942 590 1018 reperiri,
614 958 720 1002 avesna
741 947 859 1002 antean
876 959 929 1002 ova
945 959 1035 1020 gene·

14 1028 50 1079 10
66 1030 131 1083 rata
147 1024 214 1092 sint,
231 1040 300 1083 cum
316 1030 345 1083 et
359 1041 447 1084 ovum
460 1025 525 1085 sine
540 1043 592 1085 ave
608 1032 637 1086 et
654 1028 715 1085 avis
729 1027 793 1086 sine
808 1043 863 1085 ovo
879 1026 960 1105 gigni
974 1043 1034 1086 non

66 1107 169 1185 possit.
199 1108 300 1184 itaque
315 1116 344 1168 et
359 1109 500 1177 omnium,
517 1110 638 1189 quaein
654 1111 835 1188 sempiterno
850 1111 907 1170 isto
923 1111 1034 1171 mundo
1052 1126 1069 1174 4

67 1209 188 1270 semper
208 1191 329 1252 luerunt
351 1192 510 1271 futuraque
531 1201 613 1262 sunt,
642 1194 725 1254 aiunt
743 1194 922 1273 principium
944 1195 1034 1256 inisse

67 1274 196 1346 nullum,
227 1276 278 1336 sed
300 1275 403 1337 orbem
426 1294 491 1338 esse
512 1277 660 1357 quendam
681 1279 887 1355 generantium
910 1295 1034 1340 nascen-

66 1360 216 1438 tiumque,
245 1360 276 1419 in
292 1378 350 1438 quo
365 1362 454 1421 unius
474 1362 618 1440 cuiusque
639 1364 735 1439 gentis
756 1363 872 1423 initium
896 1361 983 1423 simul
1005 1370 1034 1424 et

11 1446 48 1497 15
65 1443 134 1503 linis
157 1461 222 1503 esse
249 1444 393 1517 videatur.
438 1445 488 1524 qui
514 1453 611 1506 autem
632 1446 769 1506 homines
794 1446 908 1523 aliquos
929 1446 1068 1524 primi-5

66 1528 171 1606 genios
191 1527 329 1589 divinitus
349 1535 489 1590 naturave
509 1529 603 1591 iactos
623 1530 781 1591 crederent
800 1528 884 1590 multi
904 1531 1033 1600 luerunt,

65 1610 119 1671 sed
134 1611 219 1673 aliter
234 1612 330 1691 adque
344 1612 430 1673 aliter
445 1613 519 1674 haec
534 1615 749 1675 existimatione
764 1620 887 1675 versata.
919 1631 987 1674 nam
1002 1620 1034 1674 ut
1052 1622 1068 1670 c

64 1695 195 1765 mittam,
217 1696 296 1774 quod
312 1695 461 1757 fabulares
476 1704 630 1777 poetarum
645 1692 787 1760 historiae
803 1698 916 1767 lerunt,
938 1698 1033 1758 homi·

66 1797 121 1841 nes
142 1781 256 1858 primos
282 1788 331 1841 aut
353 1781 520 1843 Promethei
540 1780 621 1842 molli
643 1781 704 1842 luto
730 1800 795 1843 esse
814 1781 958 1842 formatos
984 1790 1034 1842 aut

10 1868 47 1919 10
64 1863 252 1926 Deucalionis
271 1865 463 1944 Pyrrhaeque
490 1865 571 1926 duris
593 1865 740 1943 lapidibus
767 1873 883 1935 enatos,
914 1865 1032 1945 quidam

65 1966 104 2009 ex
129 1949 203 2026 ipsis
223 1949 384 2026 sapientiae
404 1949 623 2028 professoribus
643 1950 744 2011 nescio
770 1967 807 2010 an
828 1949 922 2028 magis
946 1966 1032 2009 mon·

63 2039 213 2102 straneas,
236 2042 317 2094 certe
335 2051 395 2094 non
417 2035 514 2095 minus
530 2033 720 2095 incredibiles
740 2036 889 2094 rationum
911 2050 1031 2095 suarum

63 2116 223 2196 proterunt
238 2119 403 2196 opiniones.
433 2118 650 2180 Anaximander
665 2117 795 2180 Milesius
809 2117 902 2179 videri
917 2117 973 2178 sibi
995 2136 1031 2178 ex
1051 2128 1066 2176 t

63 2218 142 2279 aqua
157 2208 296 2279 terraque
312 2200 460 2263 calefactis
476 2210 595 2263 exortos
610 2219 674 2263 esse
691 2203 751 2263 sive
763 2204 861 2281 pisces
875 2219 929 2263 seu
942 2204 1031 2280 pisci·

134 2388 158 2437 1.
177 2401 248 2453 ques
265 2387 291 2437 Β
359 2388 384 2436 2.
402 2385 578 2453 phytagoram
599 2388 625 2436 V
691 2399 794 2437 ocenum
812 2388 845 2445 Β,
863 2386 989 2437 oooeinm
1010 2386 1040 2435 V

64 2456 91 2505 3.
110 2452 323 2515 abscesseram
344 2452 479 2504 architam
501 2456 530 2504 V
593 2454 790 2520 phytagorioos
812 2456 840 2505 V
903 2455 928 2503 4.
948 2453 1034 2503 arhe-

64 2535 179 2572 utenses
201 2522 240 2584 I),
264 2523 370 2573 hored
437 2525 481 2571 *et
501 2525 666 2571 xenocrates
691 2521 783 2582 (eroso
801 2522 828 2584 s)
856 2521 884 2569 V
948 2519 1033 2571 hicce-

63 2588 171 2639 anchus
195 2586 269 2651 (icae
288 2590 348 2638 din
365 2586 431 2650 ros.)
454 2588 478 2637 Β
548 2590 572 2638 ὅ.
596 2604 647 2652 que
671 2604 717 2639 om.
740 2590 766 2638 V
832 2591 856 2639 6.
880 2601 1033 2638 anesrore·

63 2657 160 2719 utel),
179 2655 331 2706 aristotelis
352 2657 379 2705 V
436 2668 585 2721 sregtxtots
602 2656 660 2705 DV
724 2657 748 2706 t.
766 2654 962 2721 rheopsasrus
980 2656 1037 2705 DV

62 2736 282 2788 pentperectrtct
303 2723 329 2772 D
345 2721 393 2786 V¹,
415 2738 485 2773 corr.
512 2720 552 2773 V²
621 2724 646 2772 8.
671 2736 857 2773 scatusenuur
879 2723 904 2772 Β
974 2723 1033 2773 eius

63 2790 163 2855 quaeri
181 2789 305 2855 exemplo
323 2790 421 2840 Iohnus
438 2806 474 2840 ecc
491 2793 556 2842 noni.
568 2790 728 2840 Lauicanam
778 2801 911 2856 exempta
928 2790 984 2839 DV

62 2859 89 2907 9.
109 2871 257 2923 reppererat
276 2858 332 2906 DV
398 2871 505 2923 genens
522 2857 561 2921 Β,
581 2872 649 2908 corr.
668 2859 688 2907 d
756 2858 796 2909 10.
816 2871 850 2907 er
868 2871 937 2907 aues
956 2857 981 2906 Β

64 2926 106 2975 13.
131 2923 283 2989 quaerebam
306 2924 331 2973 Β
403 2927 443 2975 14.
461 2937 661 2989 nutusqutsque
680 2925 705 2974 Β
774 2925 864 2990 geniti
885 2926 914 2974 V
925 2926 997 2988 culpo

63 2990 107 3043 17.
126 2993 406 3043 screa—exuenti
476 2997 560 3057 atque
582 2993 611 3041 V
674 2992 771 3042 hecV
837 2992 1029 3054 nonsartDV',

62 3060 132 3110 ande
150 3060 180 3108 in
198 3057 251 3109 hac
271 3059 475 3110 existimatione
494 3060 600 3110 versati
616 3063 688 3124 vulgo
741 3060 781 3110 19.
801 3070 953 3109 eustatmus
971 3060 996 3107 D

62 3128 107 3177 20.
127 3130 226 3177 enatos
245 3128 360 3177 Holmtoe
378 3127 456 3190 (conf.
473 3143 531 3192 cop.
551 3131 575 3192 d,
594 3130 609 3177 1
626 3123 723 3194 enta),
747 3141 850 3177 *uaros
868 3128 906 3191 D,
931 3128 963 3177 ee
981 3128 1031 3174 n'a·

62 3197 109 3243 tos
127 3195 154 3256 d,
172 3196 240 3245 ande
259 3209 319 3245 esse
337 3198 418 3245 natos
440 3196 467 3244 V
475 3198 546 3261 volgo
598 3201 658 3260 post
677 3199 775 3246 enetos
793 3209 880 3244 monos
898 3194 926 3242 X
936 3194 1033 3244 saecula·

61 3262 90 3311 ia
108 3262 143 3325 D,
161 3277 192 3313 m.
208 3264 294 3327 primo
309 3264 335 3312 in
351 3264 378 3312 V
391 3263 451 3312 odd.
464 3276 541 3327 uerg.
560 3260 642 3328 (uirg.
660 3262 695 3324 V)
712 3263 778 3313 hinc
790 3260 899 3327 lapides
912 3259 1030 3327 pyrrhae

63 3326 74 3389 (
94 3344 159 3392 yrre
177 3327 212 3394 V)
230 3331 320 3381 iactos
339 3331 465 3380 saturnia
478 3345 565 3394 regna
583 3335 612 3380 et
630 3328 698 3381 alibi
712 3345 764 3396 quo
777 3334 900 3394 tempore
912 3329 1031 3394 primum

62 3344 214 3450 dssuoslion
230 3411 350 3448 uacuum
367 3397 475 3463 lapides
494 3397 614 3448 iactauit
631 3398 661 3447 in
679 3398 773 3449 orbem
