2400 3848
332 190 380 237 nn
402 189 464 236 nm
487 190 618 237 uxrem
641 191 717 239 cae.
734 193 806 240 xxx.
1011 177 1054 242 45

82 331 120 391 ad
149 328 345 409 olympiadem
365 330 491 406 primam
518 328 607 408 paulo
633 329 700 408 plus
721 342 815 391 cccc.
862 349 937 410 quos
963 330 1052 402 solos,

83 416 218 495 quamvis
239 413 360 494 mythici
375 414 520 492 temporis
540 421 723 492 postremos,
738 434 741 438 ⁴
754 422 853 476 tamen
869 416 936 495 quia
959 434 973 476 a
991 434 1053 476 me·

80 500 178 560 moria
213 499 393 577 scriptorum
429 500 581 576 proximos
623 499 741 578 quidam
779 501 890 561 certius
930 499 1053 560 definire

81 582 249 644 voluerunt.
295 589 324 644 et
353 583 471 661 quidem
502 583 635 645 Sosibius
665 585 784 662 scripsit
813 602 877 645 esse
908 596 1087 655 cccxcv,3

45 668 295 730 oEratosthenes
322 672 420 727 autem
440 675 554 746 septem
581 676 610 728 et
637 668 883 747 quadringentos,
915 669 1054 730 Timaeus

82 765 255 823 ccccxvn,
271 753 377 813 Aretes
392 766 508 822 nxmr,
525 761 555 813 et
568 761 723 831 praeterea
739 751 823 814 multi
838 754 962 824 diverse,
980 771 1053 831 quo·

81 855 151 900 rum
173 839 260 898 etiam
280 838 344 915 ipsa
360 837 505 898 dissensio
519 838 668 898 incertum
690 856 755 898 esse
771 836 910 899 declarat.
941 838 979 900 de
995 847 1053 899 ter·
1072 850 1089 898 4

82 923 124 982 tio
146 930 244 983 autem
260 928 396 999 tempore
411 922 466 982 luit
481 921 599 1000 quidem
620 921 717 1002 aliqua
737 923 816 983 inter
838 921 1054 984 auctores-dis-

84 1008 184 1068 sensio
209 1008 240 1065 in
261 1023 312 1067 sex
334 1013 484 1084 septemve
506 1007 710 1067 tantummodo
737 1007 822 1067 anuis
842 1014 972 1067 versata:
1001 1007 1088 1068 sedo

32 1103 65 1152 10
82 1089 141 1150 hoc
160 1091 371 1170 quodcumque
391 1089 526 1169 caliginis
541 1091 634 1151 Varro
656 1092 807 1168 discussit,
829 1099 858 1153 et
878 1109 933 1170 pro
955 1098 1054 1152 cetera

84 1192 137 1237 sua
152 1177 313 1254 sagacitate
329 1193 409 1235 nunc
430 1176 612 1237 diversarum
629 1176 787 1236 civitatium
808 1177 965 1238 conferens
980 1184 1055 1237 tem·

82 1277 172 1338 pora,
201 1277 282 1320 nunc
302 1259 436 1320 delectus
458 1278 620 1340 eorumque
641 1260 795 1322 intervalla
815 1268 898 1322 retro
921 1261 1054 1322 dinume-

82 1361 155 1406 rans
176 1346 254 1405 eruit
268 1361 370 1404 verum
391 1343 548 1424 lucemque
564 1346 703 1416 ostendit,
726 1363 781 1423 per
803 1363 891 1425 quam
912 1362 1074 1414 uumerus>

84 1435 185 1490 certus
206 1446 266 1489 non
287 1446 433 1490 annorum
450 1428 538 1489 modo
554 1429 604 1490 sed
622 1436 652 1489 et
667 1430 783 1490 dierum
803 1430 932 1508 perspici
952 1431 1054 1508 possit.

32 1524 65 1576 15
83 1512 250 1575 secundum
276 1532 364 1592 quam
388 1514 532 1574 rationem
559 1515 617 1575 nisi
644 1512 731 1574 lallor
755 1513 805 1572 hic
829 1530 939 1582 annus,
971 1515 1089 1573 cuinso
1192 1547 1194 1552 .

81 1596 162 1659 velut
176 1598 263 1659 index
280 1605 309 1658 et
324 1595 425 1659 titulus
440 1599 559 1677 qnidam
575 1606 620 1659 est
634 1601 667 1659 V.
682 1599 712 1660 C.
728 1598 772 1658 Pii
788 1606 817 1659 et
832 1597 969 1659 Pontiani
984 1615 1055 1658 eon·

83 1681 212 1754 solatus,
244 1681 280 1743 ab
302 1680 467 1760 olympiade
488 1685 584 1761 prima
607 1682 802 1744 millensimus
822 1690 866 1744 est
888 1690 916 1742 et
931 1689 1056 1760 quartus

84 1768 231 1837 decimus,
249 1785 285 1828 ex
300 1766 404 1828 diebus
419 1767 570 1828 dumtaxat
585 1769 716 1837 aestivis,
740 1767 849 1845 quibus
865 1783 941 1844 agon
958 1765 1056 1846 Olym·

85 1852 170 1930 picus
185 1850 369 1919 celebratum
394 1869 410 1910 a
425 1850 519 1911 Roma
542 1859 639 1912 autem
656 1852 773 1912 condita
789 1853 1056 1929 nongentensimus

32 1949 67 1999 2ο
84 1936 315 2014 nonagensimus
330 1936 453 2016 primus,
472 1944 501 1997 et
517 1935 637 2013 quidem
653 1954 689 1996 ex
703 1933 859 2006 Parilibus,
877 1936 957 1996 unde
972 1934 1056 1995 urbis

85 2022 155 2082 anni
176 2027 386 2089 numerantem
417 2038 520 2081 eorum
541 2038 612 2081 vero
639 2038 785 2081 annorum
807 2018 914 2099 quibus
934 2019 1056 2081 Iulianis
1074 2030 1089 2079 t

85 2123 195 2167 nomen
223 2115 267 2166 est
293 2105 515 2167 ducentesimus
540 2107 759 2183 octogensimus
785 2106 905 2176 tertius,
942 2105 994 2166 sed
1021 2123 1057 2165 ex

86 2189 134 2252 die
148 2188 211 2251 Kal.
231 2189 451 2260 Ianuariarum,
476 2190 556 2251 unde
576 2189 667 2251 lulius
683 2189 791 2254 Caesar
811 2191 881 2250 anni
901 2208 915 2250 a
938 2207 971 2250 se
986 2206 1056 2249 con·

86 2275 179 2334 stituti
200 2275 268 2336 iecit
289 2274 484 2352 principium;
510 2282 538 2333 at
559 2291 663 2334 eorum
684 2275 734 2352 qui
749 2281 892 2335 vocantur
914 2275 983 2334 anni
998 2277 1056 2336 ilu-
1075 2285 1090 2335 8

33 2366 239 2438 ungentorum
265 2357 486 2420 ducentesimus
511 2358 734 2434 sexagensimus
762 2359 894 2438 quintus,
931 2359 1057 2437 perinde

86 2598 178 2646 lacuna
199 2595 263 2646 daec
282 2595 342 2658 sere
365 2595 518 2645 exciderunt
541 2598 744 2660 compulerunt,
776 2593 842 2645 hine
865 2595 900 2645 ad
923 2594 1058 2646 excidium

86 2663 187 2714 Troiae
207 2678 294 2713 annos
312 2677 382 2713 occe
402 2659 481 2726 (cons.
500 2662 580 2712 Iolzni
595 2663 785 2713 adnotationem
803 2668 828 2712 et
845 2664 883 2716 H.
897 2663 1058 2725 Kettnerum,

90 2730 265 2781 Varroniacne
284 2729 391 2780 Studien
410 2746 439 2794 p.
457 2730 536 2791 dds.)
612 2731 635 2779 1.
654 2729 832 2793 olimpiadem
854 2731 881 2779 V
947 2730 1059 2795 quadus-

86 2797 242 2864 9eurtDV,
262 2797 459 2863 quadringenti
475 2800 547 2862 culpo
615 2800 640 2848 2.
659 2796 774 2860 mytiehi
795 2797 824 2846 V
887 2800 912 2848 3.
932 2811 1058 2848 sessuro·
1157 2844 1160 2850 .

87 2866 187 2916 numi)
256 2868 281 2917 5.
295 2865 565 2916 emnosrheuosDV
613 2865 854 2929 quarmpeuaosll
907 2877 1011 2915 mmeus
1023 2866 1058 2927 Ι),

85 2932 199 2983 itimeus
220 2933 249 2982 V
313 2934 337 2983 6.
358 2947 458 2983 oneres
477 2933 538 2991 DV,
558 2931 657 2983 Grates
674 2933 738 2982 coni.
752 2930 850 2982 Innnus
902 2931 985 2983 dcxm
1008 2932 1037 2980 V
1039 2931 1058 2995 ¹,

86 3016 157 3051 corr.
175 3017 206 3050 m.
225 3004 242 3050 2
312 3002 336 3056 8.
357 3015 478 3050 nerones
496 3001 530 3061 D,
550 3001 657 3053 eornd
725 3000 767 3050 11.
786 3013 944 3050 cousensus
962 2999 1019 3048 JW

88 3069 131 3118 12.
149 3069 327 3119 dinumeuerrs
348 3065 406 3131 (din
423 3069 450 3117 in
466 3067 532 3131 ras.)
551 3068 576 3116 D
646 3068 686 3117 15.
705 3078 775 3114 auus
793 3067 818 3115 D
889 3067 928 3120 16.
948 3065 1059 3130 quidam

87 3151 135 3185 orn.
157 3134 254 3186 laneus
309 3136 342 3186 V.
362 3133 392 3184 C.
413 3133 440 3196 (i.
453 3150 477 3187 e.
493 3136 604 3186 uirorum
615 3133 822 3193 elemosimarum)
840 3133 885 3183 Pii
902 3133 1060 3199 Borplresius

87 3204 115 3252 in
133 3203 202 3252 Ann.
221 3203 282 3256 inst.
301 3202 430 3254 arcdneol.
450 3217 474 3255 a.
495 3204 562 3252 1856
576 3218 604 3266 p.
618 3204 665 3262 ts,
684 3214 757 3251 uuru
775 3201 837 3260 DV,
857 3201 935 3268 Ulpii
952 3203 1024 3265 culpo

88 3269 212 3335 pontiam
234 3270 261 3319 V
328 3272 371 3321 17.
393 3281 568 3320 mmeussmus
588 3270 626 3331 Ι),
650 3267 812 3320 millesimus
835 3269 863 3318 V
928 3269 968 3319 19.
992 3282 1058 3320 non·
1145 3300 1153 3314 .

89 3337 259 3403 gentesimus
284 3339 480 3403 nonagesimus
507 3337 536 3385 V
600 3339 641 3387 20.
664 3350 748 3388 uunss
766 3338 805 3399 Ι),
819 3337 948 3390 ‚urbesd
1016 3338 1058 3387 22.

88 3405 275 3470 octogesimus
289 3406 318 3455 V
381 3409 425 3457 23.
442 3406 478 3454 ᾗ
490 3405 524 3468 D,
543 3404 601 3454 ket
612 3403 783 3469 lperscriptu
804 3404 830 3453 V
847 3404 915 3467 (item
931 3420 967 3456 vs.
981 3404 1007 3469 d)

88 3484 227 3524 surranum
246 3472 304 3521 DV
368 3476 409 3525 24.
429 3472 463 3523 ad
480 3473 505 3523 D
574 3475 616 3524 25.
634 3472 825 3540 sexagesimus
846 3473 875 3522 V
