2400 3848
86 203 153 250 VIII
469 203 679 255 PRAEFATIO.

86 339 195 404 forma
216 339 387 420 καναφόρα
415 340 523 405 adhue
548 362 614 405 non
635 343 767 426 cognita
787 342 850 406 nisi
878 365 920 407 ex
942 343 1064 429 Hesy-

87 449 173 515 chio.
203 448 305 515 Aliud
319 448 483 515 Graecum
505 450 702 517 vocabulum
724 452 868 518 nondum
890 464 1061 538 receptum

87 560 121 623 in
148 569 264 625 nostra
296 558 402 625 lexiea
428 558 508 626 latet
538 561 574 625 in
600 560 711 647 glossa
740 585 823 649 quae
850 563 948 648 paulo
982 573 1063 629 ante

90 673 140 757 (p.
163 669 216 753 57,
237 670 278 755 2)
308 671 450 755 primum
472 670 612 756 margini
634 671 802 759 adscripta
823 673 902 756 fuit,
931 682 1001 737 tum
1023 675 1061 738 in

88 791 279 847 contextum
294 781 471 847 verborum
487 779 592 847 illata.
627 782 695 849 Ubi
710 783 854 850 dubitari
869 806 935 849 non
949 793 1063 869 potest

88 893 166 978 quin
197 901 285 956 reete
319 897 514 956 antbtoecboe
546 893 717 980 scripserit
748 892 872 959 Iahnus
905 893 1061 958 Isaaeum

86 995 243 1066 Vossium
272 1012 422 1086 secutus3
458 1002 546 1088 quod
567 1012 683 1068 autem
708 1004 744 1068 in
771 1005 881 1070 oodioe
910 1005 1062 1091 sequitur

88 1117 253 1191 enascens,
275 1111 311 1176 id
325 1133 386 1177 nee
402 1114 524 1190 uolneri,
546 1121 584 1177 ut
598 1115 704 1180 suasit
719 1113 847 1198 Carrio,
869 1136 930 1180 neo
944 1114 1062 1180 Lash-

87 1223 299 1286 mannianum
330 1228 471 1287 antiociae
497 1222 602 1288 fuisse
628 1223 776 1306 videtur,
804 1224 864 1290 sed
885 1225 921 1290 id
948 1226 1061 1310 ipsum

88 1333 175 1419 quod
196 1331 383 1433 Nunnesius
410 1332 644 1420 interpretatus
668 1344 718 1399 est
740 1342 792 1413 qui
812 1343 913 1401 aversi
932 1348 1061 1399 contru-

88 1449 150 1506 νέος
172 1448 258 1522 polos
284 1451 432 1522 spectent:
460 1453 495 1508 at
523 1465 602 1509 vero
629 1443 692 1510 hoe
713 1468 779 1512 non
807 1457 858 1512 est
879 1445 1089 1512 barbarum*

89 1559 274 1632 antiscepae,
296 1564 334 1619 ut
355 1553 410 1619 ille
433 1551 555 1634 voluit,
583 1552 642 1618 sed
664 1561 832 1633 auriscopoe
855 1555 925 1619 sive
947 1553 1061 1618 Grae-

87 1686 163 1729 eum
181 1663 379 1753 dvricrortos.
423 1663 575 1749 Denique
603 1663 704 1727 etiam
725 1663 814 1748 apud
835 1665 945 1748 ipsum
968 1663 1061 1727 Cen-

88 1775 234 1839 sorinum
248 1771 415 1838 insolitam
430 1771 569 1837 formam
584 1771 746 1836 Graecam
757 1770 890 1837 Halmio
905 1783 1062 1837 monente

88 1907 106 1950 e
128 1883 241 1949 oodiee
262 1881 410 1963 restitui,
438 1886 622 1944 enneaeteris
643 1903 675 1966 p.
697 1881 753 1960 37,
777 1881 832 1963 12,
862 1882 916 1945 eui
938 1879 1062 1943 similia

88 2001 164 2058 sunt
191 1992 355 2060 ἐννεαετία
382 1999 414 2055 et
440 1991 625 2070 ἐννεαετήε,
653 1989 840 2074 dequibus
868 1989 945 2055 vide
967 1989 1059 2052 Din-

89 2101 210 2168 dorfios
232 2101 267 2164 in
289 2099 449 2183 Stephani
471 2099 636 2163 thesauro.

172 2210 310 2276 Manent
338 2230 390 2273 me
411 2207 492 2273 haee
515 2208 644 2273 Graeca
664 2217 702 2272 ut
723 2209 838 2295 paucis
866 2207 1060 2292 significem,

91 2343 189 2408 quam
210 2341 359 2386 normam
381 2326 415 2383 et
436 2319 471 2382 in
487 2317 623 2383 Graecis
646 2317 815 2384 vocabulis
839 2327 873 2382 et
893 2320 927 2382 in
949 2340 1059 2382 nume-

90 2433 136 2495 ris
166 2428 349 2495 scribendis
372 2437 505 2493 secutus
529 2429 602 2492 sim.
646 2427 732 2492 Nam
754 2449 829 2492 eum
856 2449 900 2492 ex
920 2438 1060 2512 utroque

90 2563 210 2626 genere
224 2537 388 2626 permulta
402 2560 461 2623 pro
476 2538 641 2603 brevitate
656 2535 733 2601 libri
753 2537 957 2622 reperiantur
971 2537 1061 2621 apud

91 2650 325 2730 Censorinum,
362 2648 495 2712 minime
526 2669 566 2713 ea
597 2668 650 2711 res
681 2645 886 2731 neglegenda
916 2648 1059 2714 videtur.

90 2760 237 2824 Primum
259 2768 369 2824 autem
390 2757 453 2822 hoo
474 2756 555 2821 mihi
576 2747 770 2848 persuasum
797 2779 870 2823 esse
891 2756 1059 2843 profiteor,

93 2879 217 2935 certam
239 2869 345 2953 legem
367 2888 472 2953 neque
501 2865 583 2930 alios
606 2854 781 2951 scriptores
803 2866 977 2954 plerosque
998 2886 1061 2930 nee

93 2978 308 3045 Censorinum
335 2975 400 3064 sibi
422 2976 588 3056 sanxisse,
618 2997 660 3040 ex
682 2998 747 3062 qua
773 2986 807 3042 et
827 2997 979 3041 numeros
1002 2987 1061 3040 aut

90 3089 178 3154 notis
201 3096 259 3152 aut
279 3085 398 3150 litteris
421 3095 455 3150 et
469 3084 598 3151 Graeca
619 3094 678 3150 aut
698 3087 836 3152 Graecis
860 3093 917 3148 aut
930 3085 1061 3149 Latinis

92 3197 246 3263 ductibus
269 3195 465 3279 seriberent3
489 3195 548 3260 sed
569 3195 700 3280 regulas
715 3193 848 3282 quidem
870 3193 972 3258 fuisse
995 3195 1062 3260 ali-

92 3329 189 3393 quas,
212 3327 419 3392 nequaquam
441 3314 554 3371 tamen
574 3303 802 3370 immutabiles.
840 3303 926 3368 Tum
947 3305 1062 3389 negari

90 3439 158 3482 non
179 3426 289 3503 potest
309 3428 435 3481 veteres
458 3416 612 3482 librarios
633 3416 668 3478 in
690 3413 912 3480 describendis
935 3415 1063 3479 oodiei-
