2400 3848
175 175 216 238 18
439 189 487 235 nu
509 188 571 236 nm
592 188 725 249 nouum
748 187 824 235 cor.
840 189 874 236 x.

175 327 313 393 dantibus
334 329 465 406 pondera
487 327 635 399 mutabat,
667 337 696 389 et
717 326 877 388 identidem
899 327 1080 406 frequenter
1101 348 1150 391 er·

174 421 278 493 pertus
293 419 444 491 postremo
460 412 657 490 deprehendit
670 419 742 473 tunc
754 411 827 473 duas
843 411 970 473 chordas
986 415 1151 475 concinere

175 498 203 558 id
226 497 305 576 quod
327 506 372 557 est
390 496 443 560 διὰ
457 495 633 574 τεττάρων,
657 514 724 557 cum
740 514 843 558 earum
863 496 998 575 pondera
1019 498 1105 559 inter
1119 517 1150 560 se

175 581 278 644 collata
299 583 444 642 rationem
466 581 611 642 haberent
632 599 720 661 quam
741 583 800 642 tria
821 580 857 641 ad
879 588 1036 660 quattuor,
1059 600 1150 662 quem

177 666 351 745 phthongon
381 665 559 726 arithmetici
588 666 693 727 Graeci
723 666 863 743 epitriton
893 672 1016 735 vocant,
1049 667 1178 730 Latinio

141 752 395 830 ssupertertium.
433 757 462 810 at
484 769 548 810 eam
571 750 767 830 symphonian
788 768 863 829 quae
884 748 936 812 διὰ
951 748 1053 814 πέντε
1077 752 1149 813 dici·

176 842 224 896 tur
249 834 290 894 ibi
315 835 427 894 invenit
452 833 502 894 ubi
523 834 690 912 ponderum
712 835 872 895 discrimen
898 836 928 894 in
950 835 1148 914 sesquialtera

174 919 326 997 portione,
354 936 443 998 quam
466 918 524 979 duo
540 919 651 979 iaciunt
671 919 707 980 ad
723 919 779 978 tria
801 917 933 989 conlata,
953 919 1034 997 quod
1050 920 1147 982 hemi-

176 1003 255 1063 olion
277 1001 434 1081 appellant.
476 1020 543 1062 cunr
565 1009 662 1063 autem
678 1001 769 1063 altera
787 1002 897 1064 chorda
921 1002 1012 1081 duplo
1032 1006 1149 1066 maiore

175 1086 310 1163 pondere
330 1104 417 1165 quam
434 1084 527 1147 altera
541 1086 713 1148 tenderetur
736 1095 766 1147 et
787 1094 865 1150 esset
886 1086 1031 1166 diplasion
1049 1087 1188 1168 logus,1t

128 1185 160 1233 10
178 1169 230 1234 διὰ
245 1171 358 1233 πατῶν
375 1170 507 1232 sonabat.
537 1171 595 1231 hoc
610 1179 639 1232 et
654 1172 683 1231 in
699 1171 779 1233 tibiis
793 1174 817 1232 si
833 1173 1006 1233 conveniret
1021 1182 1147 1253 tempta·

176 1257 232 1324 vit,
253 1273 309 1316 nec
324 1254 401 1315 aliud
427 1256 545 1316 invenit.
582 1273 651 1316 nam
667 1262 808 1336 quattuor
824 1255 910 1317 tibias
924 1258 992 1335 pari
1006 1275 1082 1318 cavo
1096 1277 1148 1337 pa·

176 1341 264 1410 ravit,
294 1341 413 1417 inpares
433 1338 628 1418 longitudine,
659 1342 784 1418 primam
805 1340 889 1401 verbi
916 1358 1006 1402 causa
1026 1341 1148 1421 longam

177 1424 283 1503 digitos
304 1441 368 1494 sex,
401 1425 669 1486 secundam‘tertia
692 1432 777 1504 parte
798 1424 897 1485 addita
918 1425 948 1486 id
970 1432 1016 1485 est
1040 1426 1147 1506 digito-

176 1527 243 1570 rum
271 1522 350 1579 V111,
379 1510 496 1581 tertiam
523 1508 681 1587 digitorum
708 1522 787 1568 vnn
813 1508 950 1588 sescuplo
977 1509 1146 1589 longiorem
1162 1517 1188 1567 tt

176 1610 263 1671 quam
280 1594 421 1672 primam,
437 1600 572 1671 quartam
588 1611 658 1654 vero
673 1606 724 1652 ΧΗ
741 1594 1003 1673 digitorum'quae
1018 1596 1146 1674 primam

126 1676 359 1754 11longitudine
386 1676 561 1755 duplicaret.
607 1677 652 1737 his
682 1678 791 1754 itaque·
810 1678 919 1740 inflatis
949 1685 978 1738 et
1007 1679 1145 1742 binarum

175 1762 252 1822 lacta
267 1759 472 1821 conlocatione
486 1761 617 1822 omnium
632 1763 813 1823 musicorum
830 1761 951 1824 auribus
971 1763 1147 1842 adprobavit

175 1846 302 1926 primam
331 1851 360 1906 et
381 1845 541 1906 secundam
561 1845 688 1907 reddere
711 1864 776 1907 eam
799 1848 1034 1908 convenientiam
1057 1867 1146 1928 quam

83 1920 89 1930 ’
175 1931 272 1992 reddit
293 1930 489 1992 diatessaron
505 1930 694 2008 symphonia,
715 1931 815 2009 ibique
831 1948 896 1992 esse
910 1933 1084 2010 portionem
1098 1951 1145 1995 su·
1160 1940 1187 1989 tt

175 2016 363 2093 pertertiam;
403 2016 480 2075 inter
501 2015 628 2092 primam
651 2033 720 2075 vero
749 2033 783 2076 ac
802 2016 922 2077 tertiam
944 2015 1065 2088 tibiam,
1097 2017 1148 2080 ubi

63 2116 65 2123 ·
176 2096 310 2177 sescupla
338 2099 435 2176 portio
457 2104 515 2167 est,
546 2115 687 2159 resonare
707 2098 755 2159 dia
776 2107 880 2177 pente;
902 2101 1018 2177 primae
1046 2109 1147 2164 autem

176 2189 357 2262 quartaeque
382 2180 584 2252 intervallum,
615 2184 692 2262 quod
714 2183 805 2245 habet
826 2183 945 2263 duplam
966 2186 1145 2262 portionem,

127 2278 158 2327 12
177 2267 317 2329 diastema
337 2267 437 2327 lacere
466 2267 513 2328 dia
532 2284 635 2345 pason.
680 2267 733 2329 sed
759 2269 838 2329 inter
857 2268 997 2330 tibiarum
1019 2269 1146 2332 chorda·

176 2370 302 2431 rumque
327 2359 464 2412 naturam
490 2351 548 2412 hoc
574 2353 713 2423 interest,
744 2353 824 2433 quod
844 2351 934 2414 tibiae
958 2355 1147 2418 incremento
1161 2361 1190 2412 at

244 2652 763 2720 2.tepnaehenornudephendit11
830 2654 928 2707 cordas
950 2656 977 2704 V
1043 2660 1068 2710 3.
1089 2657 1147 2708 die·

175 2727 303 2774 lassaron
324 2724 353 2774 V
411 2718 441 2776 tt.
459 2736 586 2788 prouqou
606 2723 642 2780 D,
664 2720 806 2787 pthongon
827 2724 854 2772 V
919 2723 998 2788 greci
1019 2723 1055 2783 V,
1075 2742 1146 2778 corr.

174 2808 205 2841 m.
224 2805 278 2841 rec.
347 2786 490 2855 ἐπίτριτον
506 2792 579 2854 culpo
647 2789 671 2839 6.
691 2787 725 2839 αδ
742 2789 801 2839 DV
865 2791 1056 2856 symphoniam
1079 2793 1108 2842 V

173 2859 305 2924 diapente
327 2858 356 2908 V
421 2860 445 2909 7.
462 2872 510 2909 unt
525 2858 563 2921 D,
587 2856 632 2906 *bi
649 2858 679 2917 d,
703 2856 733 2907 bi
755 2856 784 2906 V
796 2859 887 2908 addita
903 2872 922 2907 u
940 2874 956 2907 a
973 2874 1004 2909 m.
1023 2875 1078 2912 rec.

175 2923 363 2989 sesquialtera
373 2925 502 2991 Scaliger,
515 2938 718 2989 aesqurpnerna
729 2925 767 2987 D,
783 2925 956 2990 sesquipetre
972 2925 999 2974 V
1047 2929 1072 2978 8.
1083 2943 1148 2992 pro·

174 2994 303 3060 portione
320 2995 392 3058 volgo
410 2995 451 3043 hic
469 3000 495 3043 et
511 2993 583 3056 infra
650 2990 787 3042 heminton
805 2993 838 3055 D,
858 2992 989 3043 emiolion
1011 2993 1044 3056 V,
1063 2991 1147 3056 ἡμιό-

176 3063 238 3114 λιον
249 3063 323 3126 culpo
392 3062 433 3112 tc.
446 3059 590 3126 drpuastou
604 3073 690 3111 nouus
703 3059 764 3118 DV,
783 3056 936 3110 contortor
949 3059 1034 3122 λόγος
1047 3061 1150 3113 Ichnae

175 3130 311 3180 secundum
328 3127 485 3193 Scaligeram
553 3130 594 3178 11.
619 3127 772 3191 diapason
794 3126 821 3175 V
888 3130 929 3178 13.
952 3142 1049 3178 uenere
1067 3128 1147 3191 (uen-

176 3212 220 3248 nte
238 3202 298 3247 ante
315 3194 381 3258 ras.)
399 3197 425 3245 D
495 3195 537 3247 18.
556 3194 715 3246 conlatione
737 3195 766 3245 V
778 3196 850 3259 vulgo
920 3193 1093 3260 copeoacntr
1111 3199 1146 3260 D,

176 3265 288 3319 carad
357 3266 397 3315 19.
420 3275 510 3330 parma
532 3264 557 3313 D
626 3265 667 3313 20.
689 3261 874 3313 discessuros
897 3263 964 3324 DV,
988 3261 1032 3313 ord
1050 3263 1146 3315 τεττά·

176 3347 237 3398 ρων
258 3333 332 3396 culpo
402 3331 563 3396 srmphomi
584 3332 609 3381 D
683 3332 724 3380 22.
747 3330 888 3395 proportio
916 3331 943 3379 V
1008 3329 1147 3396 donperre

176 3401 238 3460 DV,
257 3397 302 3449 διὰ
317 3397 403 3450 πέντε
421 3402 493 3464 vulgo
561 3401 602 3451 24.
627 3395 763 3462 διάετημα
780 3398 876 3448 iacere
895 3396 939 3449 διὰ
956 3399 1056 3449 πατῶν
1073 3403 1149 3464 vulgo

245 3467 389 3532 cordarr'rq3
411 3467 438 3516 V
