2400 3848
71 165 74 170 ’
159 176 202 240 56
464 189 670 238 aaacnsnrr
694 190 769 239 car.
786 191 821 238 11.

160 331 326 409 progignit,
350 337 379 391 et
393 330 588 408 temperantia
603 330 732 399 foretur,
754 330 980 408 intemperantia
995 327 1130 391 laeditur.

161 416 285 475 invicem
301 432 393 493 porro
414 413 558 475 elementa
575 413 736 475 succedere
760 421 789 475 et
808 415 930 475 interitu
946 413 1131 492 singulorum
1189 469 1196 480 .

160 501 298 560 universa
313 500 376 560 sieri
392 500 569 578 sempiterna
586 498 772 559 manifestum
789 506 842 560 cst.

127 697 145 755 2
445 701 496 751 DE
515 699 624 751 Onam
641 700 848 752 POSITIONE.

228 835 346 898 Caelum
374 834 492 897 circulis
519 838 651 918 quinque
675 835 873 912 distinguitur.
920 854 1047 917 quorum
1075 837 1165 898 duos

164 923 288 982 extremi
303 923 430 982 maxime
446 920 554 999 frigidi,
572 918 709 982 australis
725 920 907 982 humillimus
924 928 953 982 et
968 921 1133 1000 aquilonius

163 1005 389 1067 excelsissimus.
433 1005 479 1064 his
499 1005 649 1083 utrimque
669 1005 796 1084 proximi
822 1005 880 1067 duo
901 1005 1062 1086 paralleloe
1084 1025 1133 1066 ro·

164 1096 276 1158 cantur,
293 1097 326 1149 ut
340 1092 380 1151 ita
397 1089 535 1158 dixerim,
552 1107 645 1167 aequo
661 1089 811 1160 distantes,
829 1090 905 1151 idem
921 1092 1038 1170 tropici,
1054 1091 1132 1153 idem

164 1173 356 1242 solistitiales;
392 1173 465 1234 altor
486 1173 644 1243 hibernus,
673 1191 727 1251 per
749 1191 838 1252 quem
859 1172 903 1235 sol
929 1177 1134 1237 transmittens

164 1265 264 1319 octava
287 1266 371 1335 parte
393 1259 561 1338 capricorni
582 1256 749 1319 antistitium
770 1258 927 1320 hibernum
947 1260 1034 1330 lacit:
1060 1259 1134 1323 alter
1152 1268 1182 1317 10

164 1344 307 1413 aestivus,
338 1359 393 1421 par
420 1360 507 1423 quem
534 1341 578 1404 sol
605 1350 705 1404 octava
725 1349 810 1422 parte
838 1345 938 1404 cancri
965 1343 1133 1407 solistitlum

130 1437 146 1485 a
166 1427 306 1488 aestivum
322 1427 401 1487 laclt.
428 1426 543 1488 medius
559 1433 604 1488 est
619 1426 847 1507 aequinoctialis,
865 1429 916 1508 qui
932 1435 1033 1489 octava
1050 1437 1135 1507 parte

164 1506 265 1572 arietis
292 1512 510 1591 aequinoctium
536 1528 677 1581 vernum,
715 1520 816 1573 octava
842 1511 936 1574 librae
963 1512 1135 1574 autumnale

67 1645 71 1654 .
165 1597 325 1657 constituit.

229 1680 266 1740 Ut
286 1679 388 1741 circuli
409 1677 554 1748 incaelo,
575 1680 617 1740 ita
631 1680 662 1739 in
677 1687 774 1741 terra:
799 1698 890 1741 zonae
906 1691 1058 1743 vocantur.
1089 1681 1134 1743 in·
1153 1688 1179 1738 tt

82 1784 87 1794 ·
163 1763 332 1825 habitabilis
346 1763 425 1824 inira
440 1763 566 1842 frigidas
582 1763 710 1825 clrculus
726 1765 764 1825 ob
781 1769 912 1843 rigorem
931 1789 946 1827 s
963 1789 978 1827 a
1001 1766 1080 1844 qaod
1097 1767 1134 1828 ab

164 1848 211 1909 his
224 1847 396 1928 longissime
411 1847 455 1909 sol
471 1847 567 1920 abest,
590 1849 659 1910 item
675 1849 753 1910 intra
771 1848 884 1911 calidus
900 1851 1133 1929 aequinoctialis,

130 1943 146 1990 3
164 1933 243 2013 quod
265 1933 319 1995 sub
339 1935 450 1995 vertice
471 1931 541 1995 solis
561 1943 614 1995 cst.
652 1932 707 1994 suh
724 1952 782 2013 quo
799 1935 917 2013 quidam
930 1935 1076 1998 ¹habitare
1091 1937 1135 1997 di·

165 2027 235 2078 cunt
250 2042 265 2078 a
283 2016 466 2097 teporopiae
488 2025 517 2077 et
537 2017 709 2096 Aethiopiae
730 2021 886 2080 maximam
906 2026 1040 2097 partem,
1062 2023 1134 2082 item

164 2101 307 2182 plurimas
334 2101 444 2162 insulas
469 2102 559 2161 maris
581 2103 667 2162 rubri
693 2101 825 2180 aliosque
847 2106 974 2165 veraces
1002 2106 1134 2167 eminen·
1152 2111 1180 2160 20

165 2188 278 2266 tiasque
293 2193 443 2247 terrarum
459 2186 568 2246 nostris
584 2184 763 2264 ampliores(
789 2187 845 2248 suh
860 2189 984 2268 tropicis
998 2188 1134 2252 habitare

164 2269 238 2331 nihil
255 2267 377 2333 dubiam
394 2278 446 2332 est.
482 2277 584 2332 noster
600 2270 769 2332 solistitialis
785 2273 912 2333 aestivus
934 2279 978 2333 est
1000 2273 1135 2336 excelsus

130 2364 148 2412 4
168 2355 263 2435 adque
279 2356 399 2417 arduus.
435 2355 518 2417 dirisi
534 2372 549 2415 a
566 2353 653 2417 nobis
668 2355 780 2416 circulo
796 2357 1004 2436 aequinoctiali
1019 2359 1135 2420 antich-

166 2440 273 2502 thones
288 2441 488 2500 nominantur.
512 2440 650 2501 videntur
660 2439 786 2502 humiles
802 2440 898 2521 adque
912 2442 1044 2521 depressi
1057 2440 1136 2527 [qui-

193 2754 196 2758 t
233 2693 258 2741 2.
288 2691 435 2743 sucotoane
457 2692 482 2741 D
551 2694 576 2742 t.
602 2706 785 2756 panacnenae
812 2693 849 2758 D,
879 2694 1014 2760 parallelo
1041 2697 1068 2746 V

165 2763 189 2811 9.
218 2759 383 2810 solstitiales
409 2761 437 2810 V
518 2772 732 2811 raansmtrrens
762 2775 896 2812 ocrauam
923 2773 1040 2827 pannem
1070 2764 1135 2829 DV,

164 2827 304 2878 transiens
327 2833 356 2877 et
379 2832 477 2878 tenens
504 2831 633 2878 octavam
655 2832 764 2894 partem
786 2829 885 2881 Ichana
906 2845 942 2880 ex
963 2830 1042 2882 solsol.
1069 2831 1135 2881 Ger·

164 2895 257 2945 manici
325 2896 366 2947 10.
385 2896 426 2948 11.
450 2894 598 2946 solstitium
621 2896 646 2945 V
710 2898 755 2948 15.
779 2896 808 2947 in
826 2911 872 2947 om.
892 2897 951 2947 DV
1016 2897 1057 2951 ta.
1074 2905 1136 2964 post

165 2963 285 3028 rigorem
306 2963 375 3012 adde
395 2963 462 3012 item
484 2977 568 3027 supra
594 2965 635 3013 oet
655 2963 722 3012 item
744 2964 768 3015 is
792 2965 839 3029 qui
861 2960 944 3029 sup'ra
968 2969 1011 3014 est
1081 2981 1136 3031 quo

166 3030 201 3080 ab
224 3031 250 3079 V
317 3032 357 3080 17.
381 3042 450 3079 taem
473 3044 500 3080 nr
519 3027 615 3080 aadtos
641 3044 872 3096 aequtnpcraanes
889 3032 946 3082 DV
965 3029 1024 3095 (ced
1045 3040 1135 3084 extre-

164 3113 228 3148 mam
242 3112 254 3147 s
266 3098 293 3147 in
304 3098 329 3148 D
342 3098 402 3147 add.
415 3095 496 3164 m.2)‚
516 3097 583 3147 item
595 3095 702 3147 medius
720 3099 934 3178 qequiuoctialis
953 3101 1010 3152 cod.
1023 3099 1137 3151 Munatii

165 3201 206 3250 18.
225 3194 331 3264 dicunt]
352 3201 452 3261 putant
468 3198 494 3247 V
561 3199 603 3250 19.
623 3181 770 3264 cydrop¹ae
783 3201 838 3250 din
849 3213 913 3263 rae„
934 3198 1083 3266 cydropiae
1101 3202 1134 3262 V,

166 3266 317 3317 Gedrosiae
338 3265 478 3317 Urticltaa'ua
547 3265 691 3329 eahtoptae
710 3267 767 3316 DV
832 3269 874 3319 22.
893 3266 1053 3319 solstitialis
1075 3269 1101 3318 V

166 3336 207 3384 23.
227 3338 310 3397 atque
328 3332 353 3381 V
420 3330 627 3396 antichthcnss]
646 3346 778 3384 acciones
796 3334 854 3383 DV
869 3331 1080 3398 (comexitoetaa
1091 3339 1135 3387 alle

163 3406 341 3465 prammata'crta
353 3403 397 3467 qai
405 3403 538 3465 placeam,
558 3401 627 3466 quod
637 3417 702 3452 nunc
718 3401 790 3465 infra
801 3403 894 3467 tepitar
908 3411 971 3468 post
987 3407 1135 3470 terrarum,

165 3465 326 3536 adscripsit),
346 3468 546 3520 antistonesm.
565 3472 663 3520 recta
684 3470 709 3520 V
725 3470 752 3519 in
768 3485 849 3535 morp.
920 3472 962 3524 24.
981 3474 1066 3535 atque
1088 3471 1117 3521 V
