2400 3848
126 180 166 244 10
382 193 430 240 nn
452 193 515 241 nnc
536 193 668 242 norum
690 193 765 242 cnr.
781 195 828 242 vr.

124 352 190 394 rum
208 339 237 395 et
251 332 337 413 adipe
352 331 504 412 multaque
516 350 605 394 carne
617 350 715 394 mares
731 333 881 394 exhauriri
895 334 1091 412 respondent

90 417 197 486 4illud
223 436 341 498 quoque
362 416 529 496 ambiguam
552 417 621 478 lacit
646 419 724 478 inter
745 425 881 479 auctores
906 419 1092 496 opinionem,

124 511 265 563 utrumne
286 520 322 563 ex
344 503 434 582 patris
454 503 660 563 tantummodo
682 503 795 563 semine
815 508 918 580 partus
940 511 1091 574 nascatur,

124 593 157 646 ut
172 587 317 665 Diogenes
339 593 368 647 et
382 587 500 665 Hippon
516 587 659 666 stoieique
673 586 873 665 scripserunt,
896 604 933 648 an
950 589 1040 648 etiam
1056 607 1093 650 ex

123 672 241 741 matris,
264 671 343 749 quod
363 671 554 748 Anaxagorae
576 678 605 732 ct
619 670 789 732 Alcmaeoni
809 688 865 732 nec
885 687 946 731 nou
967 671 1124 735 Parme-o

123 755 186 815 nidi
201 754 432 834 Empedoclique
448 762 477 814 et
491 754 620 834 Epicuro
636 755 730 815 visum
746 762 799 815 est.

89 856 105 904 a
186 840 228 900 De
250 839 483 900 conformatione
504 845 601 900 autem
617 848 719 918 partus
739 839 831 900 nihilo
853 840 950 899 minus
971 839 1093 902 definite

124 941 156 984 se
182 924 257 984 scire
278 923 437 986 Alcmaeon
462 923 617 985 confessus
638 930 695 994 est,
727 932 808 984 ratus
830 924 980 985 neminem
1002 943 1092 1003 posse

89 1019 109 1078 6
127 1009 296 1086 perspicere
318 1008 387 1088 quid
409 1008 539 1085 primum
559 1013 589 1067 in
609 1009 722 1068 infante
747 1008 901 1069 formetur.
940 1008 1091 1087 Empedo-

123 1090 196 1161 cles,
215 1108 303 1170 quem
319 1093 347 1151 iu
365 1093 422 1152 hoc
437 1090 608 1161 Aristoteles
623 1098 742 1152 secutus
759 1099 816 1160 est,
839 1099 906 1152 ante
922 1094 1021 1155 omnia
1037 1112 1092 1155 cor
1109 1102 1131 1152 1(

124 1175 261 1236 iudicavit
280 1177 463 1245 increscere,
488 1176 568 1256 quod
588 1176 716 1236 hominis
736 1177 825 1236 vitam
844 1178 972 1238 maxime
994 1181 1091 1239 conti·

122 1267 205 1327 neat;
235 1259 351 1337 Hippon
373 1278 443 1320 vero
466 1268 569 1339 capul,
596 1263 706 1339 inquo
730 1268 774 1320 est
795 1262 884 1321 animi
904 1261 1090 1340 principale;

121 1343 306 1404 Democritus
328 1343 422 1404 alvum
441 1362 507 1405 cum
523 1345 633 1421 capite,
655 1361 731 1422 quae
746 1342 906 1422 plurimum
921 1345 1033 1407 habent
1055 1365 1092 1408 ex

121 1427 214 1494 inani;
244 1428 434 1506 Anaxagoras
456 1428 629 1500 cerebrum,
656 1431 735 1489 unde
762 1447 865 1490 omnes
885 1437 953 1491 sunt
973 1447 1090 1492 sensus.

121 1511 267 1589 Diogenes
291 1512 490 1591 Apolloniates
521 1532 557 1573 ex
586 1531 691 1574 umore
717 1513 845 1589 primum
877 1531 1007 1576 carnem·
1023 1515 1091 1577 lieri
1108 1523 1131 1572 tr

122 1595 309 1665 existimavit,
331 1603 393 1657 tum
410 1591 446 1656 ex
461 1613 552 1657 carne
577 1613 641 1656 ossa
658 1614 823 1675 nervosque
845 1605 874 1658 et
888 1608 1003 1660 ceteras
1018 1616 1088 1678 par·

87 1686 165 1740 ates
188 1681 296 1740 enasci.
342 1686 372 1739 at
391 1680 476 1740 stoici
496 1697 555 1741 una
577 1687 672 1741 totum
699 1680 841 1741 infantem
864 1681 986 1759 figurari
1007 1682 1090 1745 dixe·

121 1769 205 1833 runt,
236 1770 269 1825 ut
288 1780 347 1823 una
368 1765 498 1824 nascitur
522 1763 677 1843 aliturque.
721 1773 790 1825 sunt
805 1767 857 1845 qui
877 1764 904 1825 id
926 1767 1090 1844 opinentur

121 1849 184 1926 ipsa
199 1847 264 1908 lieri
280 1854 399 1921 natura,
416 1855 449 1909 ut
463 1847 635 1909 Aristoteles
651 1848 747 1926 adque
762 1849 927 1928 Epicurus;
951 1859 1020 1912 suut
1036 1853 1090 1930 qui

120 1932 251 2010 potentia
272 1933 394 2011 spiritus
416 1950 517 1994 semen
539 1933 718 2004 comitantis,
746 1942 779 1993 ut
799 1935 883 1994 stoici
903 1934 999 1996 ferme
1020 1937 1088 1996 uni·
1105 1943 1131 1993 at

120 2017 213 2075 versi:
237 2023 306 2076 sunt
318 2018 367 2095 qui
383 2017 546 2078 aetherium
564 2016 693 2078 calorem
708 2018 805 2078 inesse
821 2017 1019 2089 arbitrentur,
1036 2021 1089 2100 qui

119 2098 255 2160 membra
270 2099 419 2178 disponat,
435 2103 628 2178 Anaxagoran
643 2103 746 2161 secuti.

85 2191 101 2239 3
183 2184 349 2264 Utcumque
375 2191 475 2246 tamen
496 2187 639 2246 formatus
664 2185 760 2246 iulans
781 2187 1028 2265 quemadmodum
1058 2190 1088 2250 in

120 2269 223 2328 matris
236 2276 323 2330 utero
339 2267 448 2337 alatur,
471 2269 578 2348 duplex
593 2271 693 2348 opinio
710 2277 762 2331 est.
797 2271 990 2349 Anaxagorae
1005 2273 1088 2335 enim

120 2354 285 2431 ceterisque
306 2352 499 2430 conpluribus
514 2371 568 2430 per
590 2353 760 2414 umbilicum
782 2354 866 2415 cibus
887 2355 1089 2418 administrari
1106 2364 1131 2414 rt

116 2435 244 2496 ridetur.
275 2436 465 2514 at'Diogenes
487 2446 517 2498 et
531 2437 648 2515 Hippon
670 2439 873 2500 existimarunt
890 2458 954 2501 esse
973 2441 1004 2501 in
1021 2440 1088 2502 alvo

118 2520 292 2597 prominens
313 2520 467 2600 quiddam,
492 2521 570 2599 quod
592 2522 689 2582 inians
711 2540 763 2584 cre
782 2523 985 2603 adprehendat
1005 2533 1086 2587 etex

188 2723 211 2773 1.
236 2719 340 2787 abrpem
363 2721 388 2770 D
455 2724 481 2774 4.
503 2721 624 2788 broqems
648 2725 673 2772 D
741 2724 853 2790 hxppou
877 2726 1008 2791 sehorcrq.
1031 2728 1090 2777 DV

118 2801 304 2839 scameenuur
322 2790 347 2837 D
415 2791 440 2842 5.
458 2791 569 2852 matrib;
591 2791 619 2839 V
632 2797 692 2840 ante
709 2807 772 2853 roc,
791 2793 887 2842 matris
904 2809 972 2844 corr.
992 2798 1007 2843 1
1018 2810 1050 2844 m.

117 2857 141 2904 6.
162 2854 366 2920 eupebocmque
383 2856 438 2905 DV
489 2858 603 2922 epicouo
615 2858 640 2907 D
710 2861 734 2909 ⁷.
752 2858 785 2909 be
800 2873 1024 2913 concremacione
1038 2859 1089 2927 (aie

115 2938 165 2987 pro
179 2923 407 2987 conformatione)
426 2952 460 2961 -
478 2937 566 2976 miuus
578 2925 632 2974 DV
649 2925 743 2976 babent
760 2934 875 2978 emiremo
893 2945 951 2993 cop.
966 2932 982 2979 6
999 2935 1025 2979 et
1033 2946 1087 2994 pro

116 2991 156 3040 bic
173 2991 220 3041 boc
237 2994 292 3042 loco
309 2997 406 3055 ponunt
425 3007 496 3055 quae
515 2990 652 3043 dissertabo
672 3009 707 3044 ece
725 2998 899 3060 cap.17‚10,·
917 3012 987 3047 corr.
999 2997 1088 3047 Laeb-

116 3074 220 3108 manous
242 3065 268 3108 et
290 3059 387 3109 [abnue
458 3062 498 3113 12.
522 3060 634 3125 hxppou
662 3061 690 3109 V
756 3066 796 3116 13.
821 3075 973 3126 pnummum
992 3064 1017 3112 D

118 3127 158 3175 14.
182 3126 239 3174 orire
261 3126 290 3175 V
310 3126 383 3189 (noto
399 3128 543 3191 compendii
559 3145 576 3178 a
593 3146 624 3178 m.
643 3127 671 3193 2)
743 3131 782 3183 15.
808 3144 1007 3195 aponnrutarea
1031 3132 1092 3181 DV

117 3193 228 3243 humore
251 3193 276 3242 V
345 3195 386 3246 lt.
404 3193 506 3263 sthoici
528 3195 554 3244 V
621 3196 661 3248 18.
680 3201 711 3247 ut
728 3213 776 3249 om.
798 3197 822 3246 D
892 3200 933 3249 19.
953 3202 1039 3262 atquc
1062 3200 1093 3248 V

117 3274 248 3325 eprconus
266 3262 291 3310 D
361 3263 401 3314 20.
421 3262 523 3312 sthoici
544 3263 575 3321 V,
594 3265 640 3313 ced
658 3263 676 3312 h
694 3265 744 3314 del.
763 3266 778 3314 1
795 3281 826 3314 m.
896 3279 1007 3317 uuruem
1031 3267 1089 3316 DV

116 3329 158 3377 21.
176 3328 337 3379 ocrhenrum
358 3326 391 3392 (a
409 3330 428 3378 (t
442 3329 469 3378 in
486 3328 557 3393 raa.)
577 3331 614 3389 D,
640 3331 774 3381 etherium
797 3332 825 3380 V
890 3347 1086 3385 annrrneunux

115 3395 141 3444 D
159 3402 218 3445 ante
235 3411 303 3452 ras„
321 3397 475 3461 dividetur,
495 3398 665 3449 arbitrantur
684 3399 737 3449 dV
802 3401 843 3453 26.
861 3399 974 3466 hyppon
992 3401 1020 3451 V

114 3464 156 3514 27.
176 3460 390 3527 aopeaeheuoar
407 3464 432 3513 D
502 3466 530 3514 et
547 3481 594 3516 om.
613 3466 669 3515 DV
