2400 3848
488 147 700 197 PRAEFATIO·
866 174 872 181 ·
1027 147 1080 196 VII

104 310 183 354 nam
209 285 454 352 incurrentibus
482 293 581 350 antea
608 285 765 370 scriptum
788 284 847 366 sit,
884 305 950 350 non
971 285 1079 371 potuit

105 398 201 486 quasi
222 397 329 461 maius
358 395 517 482 quiddam
539 393 738 479 subiungere
760 393 960 461 Censorinus
989 403 1078 474 atque

103 513 151 573 od
179 512 283 572 demes.
301 515 436 587 septenos
463 524 558 570 annos
587 504 717 590 (citum)
748 525 836 584 posse
862 543 904 552 —
925 507 1076 594 proferri.

107 618 212 683 Immo
238 616 342 682 verba
371 635 449 694 quae
475 619 535 680 duo
561 615 691 680 initium
719 614 870 681 fecerunt
896 616 1078 680 sententiae

104 727 245 793 alieuius
266 747 354 791 nunc
375 731 560 807 truncatae,
584 746 650 812 qua
671 725 812 811 scriptor
834 727 976 813 primum
998 724 1079 790 Sta-

103 859 181 902 seae
203 844 236 901 et
255 836 469 901 Etruscorum
490 833 614 921 placita
635 833 677 899 de
699 833 871 900 duodecim
892 833 1082 927 hebdomas

105 948 184 1012 dum
207 945 313 1032 spatio
335 944 482 1012 breviter
503 943 752 1032 comprehendit
774 956 807 1012 et
830 943 942 1010 dehis
965 946 1077 1011 nescio

104 1036 186 1144 quid
208 1053 339 1138 adiecit,
361 1063 432 1120 tum
454 1053 552 1120 aliam
573 1055 739 1142 quandam
761 1055 947 1148 opinionem
968 1063 1078 1141 protu-

105 1167 159 1249 lit,
183 1189 226 1232 ex
247 1186 313 1253 qua
333 1165 469 1232 brevius
491 1165 591 1231 etiam
607 1165 750 1251 spatium
773 1164 1008 1231 concederetur
1030 1166 1078 1230 vi-

104 1287 160 1342 tae
188 1276 367 1359 humanae3
406 1285 517 1341 tamen
545 1280 677 1340 homines
703 1285 831 1341 aetutem
857 1295 943 1354 suum
977 1273 1078 1360 (haec

79 1365 193 1450 ‘enim
214 1386 285 1450 fere
307 1394 455 1451 extrema
476 1386 511 1449 in
532 1384 650 1450 lacuna
671 1385 887 1471 exciderunt)
915 1389 961 1448 ud
980 1390 1079 1449 demes

104 1476 240 1576 septenos
266 1515 361 1560 anuos
385 1516 474 1576 posse
492 1532 543 1544 --
566 1498 721 1576 proferre.
766 1495 944 1561 Praeterea
972 1494 1079 1561 obiter

102 1625 322 1672 commemoro
343 1607 378 1669 in
392 1606 482 1671 Livii
501 1605 572 1671 loco
594 1627 691 1693 quem
704 1605 906 1671 Censorinus
922 1620 1078 1693 eavan

105 1715 218 1797 effert,
244 1716 273 1779 si
288 1715 350 1781 sub
366 1714 465 1779 finem
488 1714 533 1800 (p.
549 1715 602 1797 33,
619 1715 653 1799 8)
677 1724 752 1801 post
773 1721 889 1780 saeculi
909 1715 1076 1781 addideris

101 1827 226 1887 modum
249 1822 336 1907 (coll.
353 1830 384 1909 p.
398 1823 451 1904 32,
470 1824 520 1888 19.
545 1824 661 1905 321),
684 1824 770 1888 hanc
792 1825 974 1890 orationem
995 1822 1077 1889 obli-

102 1953 204 2019 quam
226 1951 293 1996 non
315 1918 456 1996 alienam
471 1932 579 1998 videri
601 1933 770 2018 areliquis
790 1955 874 2020 quae
896 1933 1078 1998 intercide-

102 2032 184 2106 rint.
230 2040 331 2106 Cuius
353 2040 418 2106 loci
441 2040 656 2106 similitudine
679 2041 778 2127 paulo
800 2048 876 2129 post
901 2042 948 2128 (p.
964 2043 1022 2124 35,
1040 2043 1075 2127 2)

103 2151 216 2216 nescio
238 2172 281 2215 an
304 2151 516 2217 scribendum
539 2151 583 2216 sit
604 2157 711 2230 siquis
726 2156 918 2216 creditlude‘s
938 2159 1075 2218 saecula·
1145 2193 1151 2198 ⁴-

104 2266 189 2326 rz'bus
210 2267 335 2325 saecula
356 2267 565 2326 terminari.
747 2326 748 2329 ,
1008 2322 1010 2326 .

170 2370 377 2436 Contrariam
404 2370 550 2437 hiatibus
579 2371 760 2456 scripturae
787 2369 910 2452 labem,
948 2370 1079 2456 glosse-

103 2489 196 2545 mata
217 2480 290 2546 dico
313 2481 356 2546 ab
378 2480 669 2566 interpolatoribus
691 2480 866 2565 inculcata,
888 2483 948 2546 vix
969 2481 1077 2546 minus

102 2612 205 2677 saepe
227 2598 341 2655 notare
362 2589 470 2665 debui,
494 2612 533 2655 ac
554 2573 749 2677 saepissime
771 2590 904 2676 quidem
925 2592 961 2654 in
982 2591 1079 2676 frag-

104 2708 226 2765 mento.
270 2700 318 2766 Ut
331 2722 364 2786 p.
379 2700 432 2783 57,
450 2701 491 2766 10
512 2701 615 2767 verba
636 2710 666 2765 et
678 2707 789 2782 poploe
810 2704 946 2778 enoforo
968 2697 1079 2766 dicun-

102 2822 156 2874 tur
182 2831 248 2876 non
270 2817 339 2874 tam
360 2819 535 2896 propterea
563 2810 697 2892 seclusi,
735 2810 824 2896 quod
846 2811 993 2896 intellegi
1014 2833 1079 2875 ne-

103 2921 252 3006 quirent,
289 2918 349 2983 sed
382 2919 460 3005 quia
492 2918 584 2984 illum
612 2921 668 3005 qui
701 2941 740 2985 ea
767 2921 901 3007 scripsit
932 2919 1077 2986 voluisse

96 3039 256 3116 putarem
278 3040 307 3092 et
320 3035 436 3110 populo
457 3035 636 3109 oenophora
658 3034 815 3111 dicuntur,
839 3030 999 3096 eiusmodi
1021 3052 1077 3095 au·

104 3149 172 3204 tem
207 3140 290 3203 mira
318 3139 480 3204 sententia
506 3161 573 3205 non
599 3140 776 3205 tribuenda
808 3163 881 3206 esse
908 3140 1077 3206 videretur

105 3249 170 3335 ipsi
192 3247 399 3334 compilatori
413 3249 600 3335 fragmenti.
638 3249 705 3315 Sed
728 3251 873 3316 notanda
895 3257 999 3314 estet
1022 3272 1077 3336 ap·

108 3358 240 3443 pellatio
267 3379 352 3444 quae
372 3359 436 3425 hoc
461 3358 533 3426 loco
556 3359 657 3445 signis
686 3360 813 3427 zodiaci
841 3359 1024 3446 imponitur
1045 3367 1085 3420 et
