2400 3848
171 188 213 253 58
469 201 676 250 uonououm
699 201 773 250 ose.
791 201 842 248 111.

174 341 288 404 caelum
305 349 334 403 et
353 342 383 401 in
399 348 482 403 ortus
498 340 571 401 oaoli
586 347 671 411 eunt,
694 341 746 402 sed
761 339 866 401 mundi
882 337 1033 399 celeritate
1049 337 1147 398 victae

176 426 312 488 occidere
331 426 468 488 videntur
488 443 553 486 cum
577 443 627 496 eo,
659 426 792 503 quamvis
814 441 937 484 cursum
964 437 1051 482 suum
1072 439 1145 501 per·

139 523 154 569 2
173 518 271 589 agant.
301 510 346 571 sol
361 511 520 572 maximum
537 509 620 572 sidus
640 510 770 570 aetheris
785 508 877 570 medii
891 507 983 568 limite
1005 506 1144 586 ignescit,

172 595 295 674 singulis
311 595 416 657 diebus
437 603 467 655 et
480 593 618 656 noctibus
633 597 749 675 peragit
764 593 894 672 singulas
913 597 1030 672 parter,
1051 590 1144 671 signi·

172 681 268 742 lerum
296 680 430 760 pervadit
455 697 542 740 anno.
588 679 656 740 luna
683 678 719 741 de
746 677 809 741 sole
835 677 1019 748 flammatur,
1050 675 1181 740 ambite

172 766 298 826 circuitu
325 764 496 826 brevissimo
522 771 633 825 terram
654 764 773 846 triginta
794 762 915 834 diebus,
946 762 1021 823 adeo
1048 761 1144 822 vicino

171 850 275 911 uertici
287 856 385 910 terrae
399 850 567 929 iunctaque,
584 855 617 909 ut
631 850 662 908 in
673 848 810 910 umbram
827 849 889 910 eius
904 846 1038 908 incidere
1049 844 1146 906 soleat

172 943 201 995 et
221 934 314 995 videri
335 933 470 995 delicere.
518 932 620 994 eadem
643 950 711 994 cum
733 934 825 995 subiit
846 930 938 993 solem
965 938 994 992 et
1014 930 1147 992 substitit

171 1019 276 1088 radiis,
304 1018 374 1080 iacit
396 1018 649 1087 obscurationem,
678 1036 753 1097 quae
773 1017 899 1079 deiectio
919 1014 990 1076 solis
1012 1015 1144 1076 videtur.

171 1104 291 1164 iuterim
306 1111 404 1164 tamen
421 1121 490 1163 cava
510 1101 700 1181 paucioribus
716 1120 804 1181 quam
827 1103 946 1180 triginta
961 1099 1068 1160 diebus
1084 1101 1145 1160 cir·
1165 1111 1190 1161 lt

138 1198 154 1246 3
173 1187 273 1249 culum
293 1205 379 1248 suum
400 1187 513 1247 transit.
545 1186 673 1248 Saturni
694 1184 776 1248 stella
793 1186 1024 1264 permaximum
1044 1183 1143 1245 ambi·

171 1279 235 1333 tum
250 1273 360 1340 iertur,
380 1270 508 1352 ideoque
529 1272 651 1332 tricenis
666 1270 817 1332 mensibus
833 1270 959 1349 singulis
980 1270 1073 1348 signis
1095 1284 1146 1330 rc·

170 1357 261 1427 sistit,
283 1373 339 1436 per
353 1357 471 1434 triginta
492 1373 586 1417 annos
605 1355 776 1435 signiferum
793 1355 966 1434 pertransit,
988 1353 1098 1432 frigida
1115 1359 1147 1414 et

171 1441 294 1511 sterilis,
315 1441 473 1503 infecunda
488 1442 593 1509 terris,
614 1440 803 1502 nascentibus
823 1457 882 1501 non
898 1438 1049 1509 salutaris,
1072 1436 1146 1499 iacit

171 1526 293 1588 adversa
308 1524 446 1587 diuturna
461 1543 518 1588 nec
533 1525 638 1585 subita.
675 1524 751 1587 lovis
766 1524 849 1587 stella
864 1525 894 1583 in
909 1522 1033 1602 singulis
1048 1523 1145 1601 siguis
1165 1534 1190 1583 lt

171 1627 248 1671 anno
265 1617 377 1680 manet,
400 1610 572 1688 signiferum
588 1608 743 1670 duodecim
765 1611 850 1669 annis
871 1607 980 1677 evadit,
1004 1603 1144 1670 salutaris

137 1703 154 1751 4
174 1701 203 1754 et
217 1697 381 1771 temperata
397 1704 427 1755 et
441 1695 585 1755 universis
602 1693 741 1755 euntibus
756 1710 910 1774 prospera.
940 1692 1041 1754 Martis
1056 1690 1143 1753 stella

171 1795 232 1838 non
254 1778 358 1839 eodem
380 1779 474 1859 spatio
495 1779 587 1856 signis
607 1777 729 1858 singulis
751 1779 867 1848 haeret,
891 1776 942 1839 sed
964 1775 1142 1855 signiferum

171 1882 277 1924 novem
294 1863 357 1925 iere
373 1864 457 1924 anuis
473 1871 663 1943 pervagatur,
681 1865 767 1942 ignea
783 1865 984 1940 intemperans
998 1871 1028 1924 et
1043 1863 1075 1923 in
1091 1860 1143 1923 ad·

170 1951 264 2010 versis
287 1956 316 2008 et
331 1949 361 2009 in
377 1946 551 2009 mortalibus
566 1947 676 2018 subita,
700 1948 746 2008 vel
766 1949 835 2009 ierit
849 1948 1012 2026 repentinis
1027 1945 1142 2008 morbis
1160 1957 1190 2005 20

170 2032 216 2093 vel
238 2032 319 2093 ierro
341 2032 467 2109 perimit.
512 2030 614 2093 stellae
635 2033 764 2094 Mercuri
786 2041 816 2094 et
834 2033 957 2094 Veneris
978 2030 1072 2094 solem
1095 2049 1142 2092 se·

137 2124 303 2196 oquuntur
324 2114 487 2195 eademque
514 2116 606 2194 spatia
628 2117 806 2179 custodiunt.
848 2118 976 2178 Mercuri
1003 2115 1089 2178 stella
1110 2116 1143 2176 lit

171 2199 274 2263 similis
288 2199 331 2260 illi
347 2218 436 2280 quam
450 2199 544 2270 videt,
560 2199 681 2261 Veneris
697 2200 834 2280 genitalis
850 2213 880 2264 et
894 2201 1011 2263 roscida
1027 2208 1057 2262 et
1071 2218 1142 2282 pro·

171 2303 258 2366 spera
287 2293 316 2347 et
335 2284 479 2346 salutaris.
522 2283 592 2346 luna
614 2283 734 2363 globum
754 2304 841 2347 suum
867 2287 998 2349 creditur
1017 2285 1140 2355 babere,

170 2370 222 2432 sed
249 2372 349 2446 iguem
375 2386 391 2428 a
413 2368 474 2430 sole
496 2371 654 2448 concipere
680 2378 709 2431 et
735 2379 876 2450 quantum
901 2371 1067 2450 percutitur
1094 2388 1141 2431 ar·
1156 2377 1183 2427 25

171 2455 302 2515 descere.
344 2460 487 2535 quantum
507 2455 596 2532 igitur
618 2472 633 2514 a
655 2453 717 2516 sole
739 2454 876 2528 discedit,
903 2461 1041 2534 augetur:
1073 2473 1141 2516 cum

171 2557 241 2601 vero
264 2539 365 2598 'contra
382 2540 475 2610 stetit,
499 2544 560 2599 toto
576 2539 681 2600 feritur
696 2540 820 2601 adverso
842 2547 871 2602 et
885 2539 964 2603 velut
985 2537 1141 2618 speculum

170 2641 230 2684 oon
251 2624 323 2693 vim,
351 2622 403 2685 ‘sed
425 2623 585 2700 imaginem
605 2622 712 2685 reddit.
756 2624 813 2686 bac
834 2626 968 2687 universa
989 2624 1140 2702 gignentia

136 2716 152 2764 c
171 2715 324 2770 crescente
338 2707 519 2787 pubescunt,
541 2715 733 2770 tenuesceute
747 2717 917 2772 tenuantur.
948 2726 1035 2770 umor
1051 2709 1139 2771 etiam

171 2800 200 2855 et
215 2794 337 2871 spiritus
352 2794 448 2854 omnis
464 2793 610 2872 augescit,
631 2795 769 2855 tumescit
784 2811 925 2863 oceanus,
947 2793 1056 2854 deiude
1072 2812 1140 2856 eum
1155 2800 1182 2854 tt

238 3013 264 3064 b.
283 3024 384 3062 anuum
402 3013 467 3076 DV,
486 3011 696 3066 concomites
765 3016 790 3066 6.
809 3028 914 3065 neonae
934 3008 960 3073 (e
978 3015 1005 3061 in
1022 3012 1088 3076 rae.)
1106 3015 1139 3072 D,

168 3084 260 3130 terroe
283 3081 311 3130 V
377 3082 418 3130 13.
437 3094 505 3130 anos
523 3077 604 3142 (corr.
623 3095 654 3128 m.
672 3079 739 3143 rec.)
762 3081 791 3130 V
856 3083 896 3132 14.
915 3093 1045 3131 sreuects
1063 3081 1090 3130 D

170 3149 211 3198 15.
231 3147 333 3198 brunna
350 3147 414 3209 DV,
432 3163 500 3198 corr.
518 3147 617 3197 Iobouo
673 3160 744 3197 roms
762 3148 801 3209 D,
820 3163 889 3199 corr.
909 3149 927 3198 d
996 3147 1037 3202 17.
1056 3163 1139 3199 eveu-

169 3216 246 3267 tibus
263 3216 329 3267 coni.
350 3214 473 3265 Oaucblno
541 3215 581 3265 19.
600 3214 674 3264 ferre
696 3215 722 3264 V
788 3216 830 3266 20.
849 3215 917 3265 ferit
934 3214 1037 3279 Carrio,
1056 3229 1139 3281 poam

169 3283 225 3332 DV
293 3284 334 3336 21.
354 3297 459 3333 creone
477 3283 542 3346 DV,
567 3284 637 3348 quod
650 3281 764 3345 forsitan
785 3284 920 3350 scripserit
936 3284 993 3347 ipse
1015 3286 1139 3348 epitoma·

169 3358 212 3399 tor
281 3361 401 3401 meroem
423 3350 460 3413 D,
484 3350 615 3400 mercurii
640 3350 668 3398 V
733 3365 876 3415 sequuntur
899 3351 936 3414 D,
960 3366 1030 3402 corr.
1053 3353 1086 3401 d*

169 3419 211 3467 22.
230 3419 359 3468 mercurii
381 3417 406 3466 V
473 3420 514 3468 24.
537 3417 601 3466 lunai
618 3432 641 3468 m
669 3420 730 3468 tto
752 3418 776 3467 V
793 3432 829 3469 eac
846 3417 913 3469 lunc
983 3417 1139 3470 credituet

168 3502 185 3536 o
203 3489 220 3535 2
238 3501 268 3537 m.
287 3486 395 3536 creditu
416 3486 445 3536 V
507 3486 549 3536 29.
567 3498 728 3550 puoesceur
746 3486 771 3535 D
