2400 3848
299 147 348 197 on
371 146 586 229 1111111111
609 149 684 200 oar.
700 151 798 200 xxrv.
992 139 1033 205 51

62 287 123 347 dici
145 284 279 348 bifariam
302 293 364 347 tum
385 287 469 350 divisi
489 289 627 352 meridies
647 289 843 353 discernebat.
888 292 935 354 alii
955 293 1034 356 diem
1051 306 1068 355 9

63 369 296 452 quadripertito,
318 371 370 433 sed
386 381 416 434 et
435 382 554 445 noctem
574 372 707 438 similiter
729 375 907 439 dividebant
944 379 1033 479 idque

62 455 247 519 consuetudo
273 463 396 519 testatur
421 447 570 530 militaris,
598 458 650 521 ubi
674 460 783 523 dicitur
806 460 900 541 vigilia
925 465 1031 543 prima,
1122 498 1127 518 ι

60 542 133 603 item
148 541 278 603 secunda
295 549 323 603 et
339 543 425 604 tertia
440 549 469 604 et
484 551 598 625 quarta

24 635 42 685 o
126 626 252 688 Suntet
223 627 311 694 etiam
330 626 417 707 plura
439 629 535 690 noctis
556 639 585 692 et
606 629 665 692 diei
686 637 818 712 tempora
842 631 906 693 aliis
921 631 1029 694 subno·
1041 635 1081 697 24

60 702 121 773 tata
141 711 331 792 propriisque
353 712 478 775 discreta
507 713 689 785 nominibus,
722 733 797 796 quae
818 717 896 798 apud
917 726 1030 780 veteres

59 802 164 876 poetas
185 798 295 875 passim
318 799 427 876 scripta
448 800 649 861 inveniuntur
682 817 715 862 ea
735 802 834 863 omnia
856 801 960 864 ordine
976 821 1030 863 suo

60 898 217 959 exponam.
248 882 387 962 incipiam
409 901 424 944 a
447 890 535 945 nocte
554 883 667 954 media,
688 884 768 965 quod
782 892 900 966 tempus
919 889 1032 968 princi·

59 965 143 1045 pium
165 973 194 1027 et
214 973 399 1046 postremum
421 975 465 1029 est
479 968 537 1030 diei
551 968 687 1030 Romani
723 977 841 1050 tempus
863 971 941 1070 quod
961 972 1031 1032 huic

10 1059 41 1109 ιο
59 1051 229 1130 proximum
251 1058 295 1113 est
316 1060 439 1113 vocatur
460 1053 503 1114 de
525 1053 643 1116 media
664 1062 782 1116 nocte:
805 1055 938 1134 sequitur
954 1053 1030 1135 gal·
1048 1065 1064 1112 2

59 1134 244 1207 licinium,
272 1154 340 1197 curn
365 1135 434 1215 galli
455 1155 562 1200 canere
582 1138 741 1217 incipiunt;
773 1139 841 1201 dein
868 1143 1030 1202 contici-

58 1222 175 1291 nium,
203 1239 270 1282 oum
299 1223 523 1291 conticueruni;
559 1228 628 1284 tunc
657 1231 741 1285 ante
767 1222 903 1294 lucem,
938 1225 1030 1286 etsic
1136 1248 1138 1253 ⁴

59 1303 283 1377 diluculum,
308 1323 376 1367 cum
397 1305 459 1368 sole
474 1306 608 1369 nondum
629 1310 723 1369 orto
716 1327 773 1369 ram
789 1308 877 1371 lucet.
923 1327 1030 1371 secun·
1048 1318 1064 1367 3

58 1389 130 1451 dum
145 1389 307 1452 diluculum
318 1398 440 1452 vocatur
456 1409 574 1470 manet,
592 1410 659 1454 cum
674 1391 725 1453 lux
737 1392 852 1455 videtur
866 1393 929 1455 sole
943 1402 1012 1457 orto
1018 1415 1030 1466 ;

10 1486 39 1534 15
57 1481 127 1555 post
150 1475 208 1537 boc
237 1475 278 1535 ad
306 1475 519 1546 meridiem;
557 1484 628 1538 tunc
654 1477 848 1548 meridies,
880 1477 960 1555 quod
986 1486 1031 1539 est

58 1559 148 1621 medii
169 1559 228 1621 diei
247 1578 370 1630 nomen;
395 1560 465 1622 inde
486 1560 529 1623 de
551 1559 729 1630 meridie;
754 1561 822 1623 binc
845 1579 1027 1643 suprema.

57 1647 190 1724 quamvis
205 1643 325 1724 plurimi
339 1663 508 1724 supremam
523 1651 591 1725 post
606 1663 743 1707 occasum
759 1647 829 1707 solis
845 1664 910 1708 esse
926 1647 1030 1707 cristi·

58 1737 155 1800 mant,
178 1731 245 1810 quia
261 1737 306 1790 est
325 1732 357 1790 in
371 1745 424 1791 ΧΠ
439 1729 547 1792 tabulis
566 1730 712 1809 scriptum
727 1732 784 1802 sic,
805 1729 899 1792 solis
920 1749 1029 1794 occa-

57 1831 121 1876 sus
142 1832 313 1895 suprema
336 1821 537 1894 tempestas
559 1823 653 1876 esto:
688 1815 741 1876 sed
762 1824 866 1894 postea
886 1816 925 1876 M.
946 1815 1030 1878 Plae-

10 1910 40 1960 20
58 1901 152 1962 torius
181 1898 318 1961 tribunus
345 1898 532 1979 plebiscitum
558 1898 637 1971 tulit,
669 1899 700 1959 in
729 1917 788 1979 quo
814 1901 958 1978 scriptum
985 1907 1030 1962 est

57 1985 216 2046 Praetor
242 1984 410 2046 urbanus
435 1985 498 2065 qui
519 2000 616 2045 nunc
637 1990 692 2045 est
714 1985 849 2065 quique
872 1983 1030 2064 posthac

58 2069 138 2130 fuat
171 2069 242 2129 duo
270 2068 430 2132 lictores
462 2069 559 2148 apud
591 2088 629 2130 se
655 2067 792 2131 habeto
820 2070 952 2147 iusque
987 2072 1032 2131 ad

58 2171 267 2232 supremam
297 2152 353 2235 [ad
376 2154 470 2215 solem
492 2172 631 2216 occasum
652 2152 777 2235 iusque]
805 2156 906 2216 inter
929 2156 1030 2215 cives

58 2238 185 2299 dicito.
216 2246 283 2316 post
303 2255 473 2318 supremam
494 2240 628 2319 sequitur
648 2256 824 2318 vespera,
847 2246 914 2301 ante
930 2246 1029 2300 ortum
1046 2248 1064 2297 4

10 2333 39 2384 co
58 2322 172 2384 scilicet
192 2324 255 2384 eius
276 2322 378 2385 stellae
400 2340 490 2400 quam
511 2322 630 2384 Plautus
650 2325 892 2402 vesperuginem,
916 2323 1030 2383 Ennius

59 2509 264 2517 *-

128 2628 152 2676 1.
171 2639 241 2676 antis
260 2626 284 2675 D
302 2632 362 2676 onte
379 2641 443 2691 rac,
462 2626 569 2677 corno
636 2624 678 2676 bae
696 2625 752 2675 DV
819 2629 843 2676 3.
862 2626 1030 2677 consuetudo

57 2693 250 2756 Lemannus,
276 2693 434 2744 stmtntrubo
456 2694 515 2744 DV
579 2693 604 2744 b.
627 2705 789 2758 ramponem
811 2707 973 2743 suonorora
995 2695 1030 2754 J),

56 2765 184 2826 tempora
202 2762 352 2811 subnotata
374 2760 403 2812 V
454 2762 492 2814 ’7.
513 2774 629 2810 scotare
646 2761 672 2809 D
742 2762 781 2810 11.
800 2773 954 2810 conuictum
966 2761 1029 2820 DV,

57 2829 214 2878 continuum
232 2832 297 2878 coni.
315 2829 348 2878 L.
367 2831 399 2879 dc
417 2829 469 2878 Ian
538 2830 578 2879 13.
599 2826 769 2878 benuounum
787 2828 826 2891 D,
852 2827 974 2877 diculum
996 2828 1029 2887 V,

56 2911 126 2947 corr.
138 2912 171 2945 m.
182 2912 234 2946 rec.
247 2898 273 2946 in
289 2896 315 2945 V
384 2897 424 2946 14.
442 2899 501 2947 orto
518 2897 665 2946 coniectura
677 2896 769 2944 addidi
837 2895 878 2944 16.
895 2893 964 2944 mein
976 2896 1035 2945 DV

57 2965 99 3014 19.
120 2977 186 3013 earo
200 2964 233 3024 D,
253 2965 418 3014 oedoeraco
486 2976 639 3027 pneromus
657 2963 713 3012 DV
781 2965 823 3012 20.
844 2974 985 3012 acutarum
1004 2963 1030 3011 D

56 3032 98 3080 21.
116 3034 209 3096 pretor
231 3031 257 3080 V
323 3032 366 3081 22.
384 3031 447 3080 luat
464 3031 582 3093 Modico,
606 3043 670 3079 rtur
693 3028 748 3078 DV
814 3028 915 3079 licores
938 3030 965 3079 V

55 3098 156 3160 iusque
176 3097 256 3147 adli.
269 3097 409 3148 Scioetliuo
425 3099 489 3162 lepis
506 3097 569 3147 XII
587 3097 663 3147 lobni.
681 3098 729 3146 rel.
746 3111 774 3160 p.
789 3099 849 3155 3⁸„
868 3110 948 3159 taque
965 3096 1028 3159 DV,

55 3179 144 3227 nsque
157 3164 335 3215 Lachmannue
403 3165 445 3214 23.
464 3162 500 3212 ud
516 3164 604 3214 solem
623 3177 753 3213 occasum
770 3163 803 3213 ob
818 3166 875 3228 ipso
888 3163 1028 3214 Censorino

56 3233 208 3296 explicandi
222 3234 310 3296 pratia
328 3232 420 3281 addito
438 3246 494 3280 esre
510 3233 657 3296 auspicatur
674 3229 815 3282 Soboellinr
875 3231 916 3280 24.
935 3229 1028 3281 btorro

58 3298 164 3361 (bucano
187 3297 338 3364 anteros.)
362 3299 387 3347 D
460 3310 721 3364 uespenauneonurn
744 3299 782 3361 D,
812 3303 1027 3363 uesperanteeo-

56 3381 116 3416 rum
129 3368 154 3429 d,
168 3370 420 3430 neap-'animorum
437 3367 463 3416 V
512 3366 556 3416 25.
573 3380 714 3431 pnausrus
733 3366 768 3429 D,
786 3367 892 3418 conrad
942 3367 1028 3416 Plaut.

58 3434 186 3500 Amphitr.
206 3436 223 3487 1
242 3437 264 3496 1,
286 3437 334 3482 119

779 3513 824 3578 4*
