2400 3848
368 180 417 226 nu
439 180 501 226 oxu
522 181 653 227 ununnr
674 181 750 229 one.
767 180 867 228 xxm.
1038 165 1083 230 49

109 319 306 382 Februarium
329 326 430 396 postea
456 319 576 398 quidem
597 319 726 390 additos,
755 320 807 381 sed
831 319 1001 380 nominibus
1022 321 1081 380 iam

109 425 149 466 ex
171 405 252 466 Latio
273 405 413 483 sumptis;
437 412 466 464 et
488 405 656 465 Ianuarium
677 403 713 465 ab
735 405 822 472 leno,
845 407 892 466 eui
914 404 1081 466 adtributus

112 497 167 558 est,
184 506 293 550 nomen
310 489 447 558 traxisse,
476 487 671 550 Februarium
687 507 703 550 a
719 488 834 550 februo.
882 496 926 550 est
941 488 1081 550 februum
1102 499 1134 549 14

93 573 257 653 quidquid
286 574 347 652 piat
376 580 556 652 purgatque,
588 582 618 634 et
647 573 851 635 februamenta
871 573 1080 654 purgamenta,

73 672 92 723 5
112 660 183 718 item
205 657 344 718 februare
364 675 493 736 purgare
508 665 538 718 et
553 676 661 736 purum
677 658 784 719 facere.
822 658 962 720 februum
982 667 1082 720 autem

113 760 173 802 non
195 742 274 803 idem
295 760 506 821 usquequaque
522 743 644 804 dicitur:
670 759 738 804 nam
754 742 838 803 aliter
859 745 890 802 in
911 741 975 802 aliis
989 743 1082 803 saeris

113 826 283 896 februatnr,
307 828 364 888 boe
386 834 430 886 est
450 836 603 904 purgatur.
649 828 678 886 in
700 827 758 888 boe
779 835 876 888 antem
900 845 1003 889 mense
1024 827 1082 887 Lu·
1102 834 1134 886 15

112 911 297 990 pennalibus,
326 929 394 971 oum
408 910 502 972 Roma
523 910 680 980 lustratur,
708 910 801 972 salem
823 912 950 972 calidum
971 911 1081 982 ferunt,

113 995 192 1075 quod
209 995 348 1056 februum
364 994 527 1074 appellant,
553 996 632 1056 unde
653 997 716 1057 dies
731 995 939 1074 Lupercalium
959 997 1082 1075 proprie
1119 1068 1121 1072 Ι

63 1096 95 1144 to
113 1079 267 1142 februatus
293 1088 322 1141 et
348 1079 444 1140 abeo
470 1098 562 1159 porro
587 1081 704 1156 mensis
722 1080 901 1141 Februarius
928 1082 1081 1141 vocitatur.

114 1184 151 1226 ex
165 1165 218 1247 ‚bis
233 1165 389 1225 duodecim
405 1164 559 1227 mensibus
574 1165 702 1226 duorum
716 1171 831 1226 tentum
847 1166 966 1226 nomina
988 1167 1082 1225 inmn-
1104 1173 1135 1224 16

113 1257 183 1310 tata.
221 1267 289 1310 nam
305 1248 442 1321 Quintilis
457 1249 548 1310 lulius
563 1251 788 1328 cognominatus
810 1257 855 1310 est
870 1249 901 1310 G.
918 1250 1044 1311 Caesare
1060 1263 1083 1307 v

114 1341 145 1394 et
166 1334 203 1394 Μ.
228 1335 354 1396 Antonio
378 1351 459 1394 cons.
488 1352 566 1394 anno
593 1333 707 1395 luliano
728 1335 878 1395 seeundo:
909 1335 958 1414 qui
984 1340 1083 1394 autern

114 1417 232 1480 Sextilis
252 1419 363 1487 fuerat,
387 1436 423 1479 ex
445 1418 497 1479 SC.
514 1419 625 1480 Marcio
645 1418 807 1479 Censorino
829 1418 860 1479 C.
876 1419 978 1478 Asinio
999 1416 1083 1479 Gallo

63 1516 97 1567 15
115 1520 199 1564 cons.
219 1505 250 1563 in
265 1503 389 1581 Augusti
407 1502 553 1563 bonorem
574 1503 669 1563 dietus
690 1508 735 1564 est
755 1503 904 1582 Augustus
925 1519 1002 1562 anno
1026 1503 1083 1562 Au·

114 1589 195 1665 gusti
214 1588 385 1648 vicensimo.
419 1605 496 1666 quae
517 1589 639 1648 nomina
659 1588 842 1648 etiamnunc
864 1585 993 1646 adbano
1014 1603 1083 1665 per·

115 1678 237 1733 manent
256 1673 438 1732 memoriam.
480 1680 580 1752 postea
602 1689 673 1732 vero
696 1670 779 1732 multi
801 1671 949 1750 principes
965 1671 1084 1730 nomina
1104 1678 1135 1728 1⁷

115 1756 260 1836 quaedam
281 1758 427 1817 mensium
448 1756 667 1817 inmutaverunt
688 1759 749 1818 suis
771 1755 968 1834 nuncupando
989 1756 1084 1816 nomi-

116 1840 218 1908 nibus;
246 1840 325 1918 quod
346 1848 395 1901 ent
421 1842 479 1919 ipsi
500 1841 687 1920 postmodum
710 1847 912 1910 mutaverunt,
943 1847 994 1901 aut
1019 1846 1087 1916 post

63 1939 98 1990 20
116 1924 229 1986 obitum
250 1942 352 1985 eorum
368 1924 415 1985 illa
431 1927 550 1986 nomina
567 1925 691 2004 pristina
711 1925 773 1984 suis
787 1923 902 1985 reddita
922 1923 1084 1984 mensibus.

180 2009 323 2088 Superest
336 2026 429 2086 panea
445 2010 482 2071 ue
497 2009 545 2070 die
561 2009 675 2078 dicere,
703 2010 767 2087 qui,
796 2017 828 2070 ut
842 2008 953 2070 mensis
968 2015 1018 2069 aut
1034 2025 1084 2068 an·
1097 2008 1136 2070 23

116 2110 189 2164 nus,
213 2095 320 2173 partim
342 2093 482 2156 naturalis
498 2096 606 2172 partim
628 2091 719 2155 civilis
735 2101 786 2155 est.
832 2092 1006 2155 naturaliter
1022 2093 1086 2152 dies
1103 2100 1119 2148 2

117 2185 162 2239 est
177 2186 293 2257 tempus
308 2178 345 2239 ab
361 2180 512 2240 exoriente
527 2177 589 2239 sole
605 2178 640 2238 ad
657 2177 726 2239 solis
743 2195 897 2247 occasum,
914 2179 998 2238 cuius
1014 2193 1085 2237 ron·

118 2264 243 2324 trarium
257 2269 375 2340 tempus
390 2269 435 2324 est
449 2280 508 2323 nox
523 2261 560 2322 ab
576 2279 684 2323 occasu
699 2260 770 2322 solis
785 2262 821 2322 all
837 2270 983 2322 exortum.
1015 2262 1086 2321 oiri·

63 2359 99 2410 ao
118 2347 186 2408 liter
202 2353 298 2408 autem
315 2348 378 2408 dies
393 2353 513 2408 vocatur
526 2355 644 2425 tempus
656 2346 736 2427 quod
747 2346 780 2406 fit
794 2363 853 2407 uno
869 2344 942 2406 caeli
958 2347 1085 2406 eircum-

118 2438 200 2501 aetu,
224 2450 282 2511 quo
305 2433 368 2493 dies
384 2449 471 2493 verus
491 2438 520 2492 et
535 2449 595 2492 nox
610 2431 793 2501 continetur,
816 2438 850 2492 ut
870 2448 938 2491 oum
959 2430 1087 2491 dicimus

117 2516 245 2596 aliquem
262 2517 325 2577 dies
339 2531 415 2576 xxx
430 2523 544 2577 tantum
560 2517 680 2577 vixisses
702 2515 883 2595 relinquitur
904 2515 982 2575 enim
998 2515 1087 2576 etiam

118 2609 222 2662 noctes
243 2599 425 2679 intellegere.
461 2601 548 2662 buius
564 2600 643 2663 modi
660 2600 722 2661 dies
743 2599 780 2662 ab
801 2599 958 2677 astrologis
973 2606 1002 2659 et
1017 2599 1086 2659 oiri·
1105 2607 1122 2658 3

187 2841 211 2891 3.
238 2850 354 2886 uersuum
378 2838 435 2886 DV
498 2837 523 2887 4.
552 2835 682 2901 quiequid
713 2834 741 2884 V
805 2848 868 2898 putu
892 2835 929 2892 D,
958 2848 992 2883 ex
1014 2834 1089 2885 initio

117 2921 249 2970 superscr.
274 2907 303 2968 d,
328 2906 423 2969 expiat
445 2905 470 2954 V
489 2906 561 2969 oulpo
630 2903 654 2953 5.
679 2911 795 2953 reanum
816 2902 880 2962 DV,
903 2904 961 2950 item
982 2908 1089 2967 uterque

117 2975 189 3024 neti
258 2975 299 3027 12,
324 2984 385 3022 nam
405 2985 450 3036 qui
468 2985 558 3022 iunius
576 2972 631 3022 DV
700 2972 739 3022 13.
764 2983 796 3018 er
820 2979 966 3018 maurusio
985 2969 1041 3018 DV

119 3042 180 3091 cos·
200 3041 232 3102 D,
253 3039 324 3090 oons-
347 3041 379 3102 V,
398 3041 457 3089 item
473 3045 579 3104 uterque
597 3041 680 3088 ue15
750 3035 790 3084 14.
808 3027 867 3085 effl-
886 3046 984 3086 manco
1001 3035 1058 3084 DV

119 3106 151 3157 0.
163 3104 271 3174 Asinio]
287 3121 395 3158 casamo
406 3107 464 3157 DV
525 3107 566 3160 15.
579 3105 707 3171 augustio
720 3102 872 3153 ninoesimo
888 3102 915 3151 V
975 3103 1016 3153 20.
1028 3108 1089 3166 poet

119 3175 260 3226 mensibus
281 3177 354 3239 vulpe
377 3174 438 3223 αάἀ.
463 3176 526 3222 sunt
594 3174 636 3223 22.
654 3185 825 3223 narnienses*
844 3167 949 3234 (rasura
968 3174 1089 3234 quattuor

120 3244 259 3309 quinqueve
282 3240 347 3305 tua)
374 3242 412 3300 D,
436 3238 577 3290 naturales
600 3241 631 3303 d,
656 3239 793 3291 naturalis
816 3237 845 3289 V
862 3240 934 3304 oulpo
1004 3237 1046 3286 23.
1072 3250 1089 3285 a

121 3323 197 3360 sonis
216 3311 241 3358 D
309 3311 352 3360 24.
375 3312 418 3359 est
435 3310 542 3371 tempus
565 3307 590 3357 V
658 3306 750 3358 civilis
767 3310 839 3373 oripo
909 3305 949 3356 25.
969 3313 1089 3354 caucum·
1195 3342 1197 3347 ,

119 3390 219 3429 acuum
239 3376 309 3441 quob
327 3377 351 3426 D
420 3375 461 3426 27.
479 3370 546 3440 xxx]
566 3379 596 3426 ta
612 3389 744 3442 supereer.
762 3392 793 3427 m.
808 3377 824 3426 2
842 3374 869 3424 iu
891 3373 916 3422 V

172 3475 359 3514 csusoxuuus.
726 3479 729 3485 ¹
866 3455 889 3519 4
