2400 3848
372 156 420 203 un
442 156 503 203 our
526 156 659 204 uarum
682 157 758 205 one.
775 159 833 207 xx.
1042 143 1085 209 43

114 296 189 375 ginti
204 296 295 356 trium
311 295 427 357 dierum
449 295 570 357 alternis
586 298 670 358 annis
690 296 757 358 addi
772 296 946 376 placuisset,
968 304 1001 358 ut
1017 298 1084 358 civi·

112 379 150 441 lis
164 397 261 441 annus
273 379 308 440 ad
323 379 486 441 naturalem
502 388 727 460 exaequaretur,
745 383 773 441 in
786 399 887 442 mense
900 382 1083 460 potissimum

111 464 278 526 Februario
298 465 376 526 inter
391 464 556 526 terminalia
573 474 603 526 et
617 465 793 544 regifugium
810 465 1014 527 intercalatum
1031 475 1083 536 est,

112 549 204 629 idque
219 549 269 609 diu
285 549 394 610 factum
410 551 493 628 prius
509 567 597 628 quam
618 552 780 612 sentiretur
803 568 896 611 annos
911 550 1011 612 civiles
1032 551 1083 612 ali·

77 644 95 694 5
114 641 226 712 quanto
241 632 423 695 naturalibus
444 651 510 696 esse
525 636 662 696 maiores.
693 635 771 714 quod
788 634 926 697 delictum
942 644 975 696 ut
989 638 1083 697 corri-

113 726 250 797 geretur,
274 717 465 796 pontificibus
485 719 585 779 datum
602 721 753 798 negotium
776 737 939 800 eorumque
961 719 1085 781 arbitrie

112 801 306 864 intercalandi
320 804 401 863 ratio*
411 804 565 880 permissa.
590 804 642 865 sed
658 803 764 865 borum
781 803 914 884 plerique
930 804 968 866 ob
984 805 1083 864 odium
1102 816 1117 863 t

112 886 160 948 vel
181 888 321 966 gratiam,
352 905 410 964 quo
433 890 499 966 quis
520 890 693 968 magistratu
714 890 800 949 citius
820 888 916 949 abiret
937 889 1083 949 diutiusve

112 971 290 1050 iungeretur
311 979 361 1032 aut
376 972 487 1050 publici
507 973 658 1033 redemtor
680 992 716 1034 ex
739 974 808 1032 anni
830 973 1032 1051 magnitudine
1054 974 1083 1033 in

63 1066 95 1116 ιο
112 1055 198 1118 lucro
211 1056 355 1117 damnove
370 1066 462 1127 esset,
476 1057 542 1136 plus
556 1059 688 1118 minusve
703 1075 738 1118 ex
746 1056 868 1118 libidine
881 1056 1083 1125 intercalando

112 1159 179 1202 rem
201 1140 258 1201 sibi
278 1141 313 1201 ad
331 1142 540 1219 corrigendum
557 1143 725 1203 mandatam
746 1141 824 1203 ultro
845 1142 923 1222 quod
940 1142 1082 1221 deprava-

112 1232 197 1296 runt,
223 1225 297 1286 adeo
318 1224 487 1287 aberratum
505 1235 549 1287 est
564 1236 597 1287 ut
612 1227 647 1288 G.
665 1227 772 1288 Caesar
789 1225 922 1305 pontifex
938 1227 1117 1288 maximus8
1161 1276 1164 1281 .

112 1327 167 1372 suo
183 1324 225 1371 111
240 1318 270 1370 et
285 1309 322 1370 Μ.
339 1310 454 1371 Aemilii
469 1310 572 1389 Lepidi
590 1310 753 1380 consulatu,
770 1330 828 1391 quo
845 1321 927 1373 retro
943 1309 1082 1372 delictum

112 1395 292 1473 corrigeret,
324 1394 399 1457 duos
424 1412 542 1456 menses
562 1394 766 1457 intercalarios
789 1396 905 1455 dierum
927 1409 1026 1456 van
1052 1397 1083 1456 in

63 1488 246 1540 lomensem
267 1478 465 1540 Nouembrem
493 1477 736 1540 et'Decembrem
765 1480 983 1558 interponeret,
1015 1497 1083 1540 cum

111 1564 170 1624 iam
187 1581 292 1624 mense
305 1563 469 1625 Februario
485 1564 547 1624 dies
563 1578 605 1625 111
621 1571 650 1624 et
663 1578 714 1625 xx
729 1562 940 1634 intercalasset,
956 1564 1083 1624 laceret·

112 1665 259 1728 quaeum
286 1664 395 1708 annum
417 1649 532 1709 dierum
553 1660 726 1717 ccccxcv,
757 1649 845 1710 simul
866 1649 1026 1727 providens
1052 1650 1082 1708 in

111 1730 246 1793 futurum
268 1749 305 1793 ne
331 1734 438 1794 iterum
466 1741 631 1795 erraretur:
670 1751 739 1794 nam
766 1732 954 1794 intercalario
980 1750 1083 1794 mense

112 1815 229 1879 sublato
251 1834 360 1877 annum
384 1816 496 1878 civilem
520 1818 557 1877 ad
572 1817 643 1879 solis
663 1835 785 1877 cursum
806 1814 950 1877 formavit.
981 1819 1082 1896 itaque
1100 1828 1116 1876 9

63 1911 95 1961 20
113 1899 218 1963 diebus
239 1913 350 1961 cccuv
371 1901 483 1962 addidit
504 1901 622 1972 decem,
651 1919 724 1980 quos
744 1919 798 1980 per
820 1909 933 1979 septem
954 1918 1081 1970 menses,

113 1986 165 2063 qui
179 1985 242 2046 dies
256 1986 467 2047 undetricenos
481 1985 645 2056 habebant,
663 1987 701 2046 ita
719 1985 909 2056 discriberet‚
930 1994 962 2045 ut
977 1985 1082 2046 lanua·

112 2071 160 2131 rio
175 2076 205 2131 et
219 2069 323 2131 Sextili
339 2079 367 2131 et
382 2070 538 2133 Decembri
554 2069 616 2131 bini
632 2071 817 2141 accederent,
835 2071 941 2132 ceteris
956 2069 1080 2148 singuli;

112 2171 224 2234 eosque
245 2154 307 2215 dies
328 2157 468 2217 extremis
481 2155 616 2233 partibus
636 2155 782 2216 mensium
803 2156 951 2234 adposuit,
974 2172 1011 2214 nc
1026 2153 1081 2214 sci-

111 2236 182 2299 licet
200 2237 358 2317 religiones
379 2242 425 2300 sui
447 2241 589 2317 cuiusque
611 2241 720 2300 mensis
741 2257 757 2298 a
778 2238 844 2299 loco
859 2255 1081 2299 summoveren-

63 2332 95 2383 25
111 2330 171 2383 tur.
208 2332 391 2404 quapropter
412 2342 492 2384 nunc
507 2341 574 2384 cum
596 2324 627 2383 in
644 2332 757 2402 septem
773 2321 925 2383 mensibus
945 2322 1007 2383 dies
1022 2323 1082 2381 sin·
1102 2332 1133 2381 10

112 2405 175 2485 guli
190 2415 219 2468 et
230 2406 337 2469 triceni
352 2411 419 2479 sint,
438 2415 576 2487 quattuor
588 2416 688 2468 tamen
704 2406 745 2467 illi
756 2409 796 2469 ita
810 2402 947 2486 primitus
956 2407 1082 2467 instituti

113 2509 150 2552 eo
165 2492 361 2554 dinoscuntur
376 2494 454 2573 quod
470 2509 564 2552 nonas
579 2490 690 2553 babent
704 2493 1007 2571 septimanae,.ceteri
1020 2498 1081 2552 tres

113 2572 233 2658 [omnes
254 2577 302 2637 alii
324 2576 444 2658 reliqui]
467 2579 632 2658 quintanas.
668 2583 822 2655 praeterea
841 2595 896 2656 pro
918 2576 1081 2655 quadrante

182 2795 413 2846 &interminante
435 2796 460 2844 V
527 2799 551 2848 5.
575 2795 714 2846 bececrutn
732 2796 757 2843 D
826 2795 851 2844 8.
868 2800 928 2858 post
946 2795 1038 2844 abiret
1059 2795 1084 2843 V

112 2863 175 2913 add.
203 2861 306 2912 diutius
330 2863 421 2913 abiret
489 2863 649 2927 bturtusque
671 2862 729 2911 DV
793 2863 819 2912 9.
847 2861 1016 2925 redeptord

113 2931 154 2981 10.
175 2941 318 2981 minusuen
337 2932 362 2979 D
418 2930 534 2981 cturbtue
553 2932 610 2980 DV
663 2927 873 2979 turenxananbo
891 2930 929 2990 D,
961 2929 1081 2979 interca·

111 2995 194 3047 tandi
216 2997 244 3046 V
309 3000 348 3049 ll.
372 2997 447 3048 ultro
470 2999 543 3061 quod
563 2999 681 3048 Halmius
705 2996 781 3059 (quia
798 2995 1001 3060 buchananum),
1031 3011 1081 3044 un-

111 3076 195 3128 raoq.
208 3066 241 3126 D,
260 3065 389 3127 ultroque
406 3066 438 3126 V,
457 3069 546 3129 utroq,
565 3082 595 3116 m.
609 3080 662 3116 reo.
674 3066 701 3113 in
717 3064 779 3112 Vin
790 3079 871 3126 marg.
942 3065 982 3115 13.
1000 3075 1080 3112 aemi·

112 3144 159 3181 mo
176 3133 211 3194 D,
229 3131 306 3198 emili
328 3132 356 3180 V
422 3133 462 3181 tt.
481 3147 569 3181 nx1111
587 3132 645 3181 DV
710 3132 751 3183 18.
769 3130 971 3181 tnretakacamo
989 3131 1013 3178 D

111 3232 156 3283 at.
175 3230 341 3283 discriberet
357 3206 488 3296 Halmius,
507 3204 685 3284 discernetur
703 3231 738 3295 D,
758 3231 900 3282 distribuit
923 3231 1034 3296 Voulpo

112 3300 156 3350 22.
175 3308 235 3364 poet
252 3299 400 3352 Decembri
417 3302 442 3350 D
460 3301 521 3350 add.
535 3315 569 3350 ue
639 3303 681 3352 23.
700 3311 832 3349 meusium
850 3300 875 3347 D
893 3305 952 3348 ante
970 3313 1024 3348 raa.
1047 3297 1080 3359 V,

112 3381 256 3418 mensuum
274 3369 293 3417 d
360 3369 401 3418 24.
420 3369 549 3432 regiones
572 3368 599 3416 V
663 3369 704 3418 28.
724 3382 817 3417 omnes
830 3366 880 3417 alii
897 3366 996 3431 reliqui
1008 3367 1081 3416 eiecit

112 3433 232 3495 Medius,
252 3449 400 3500 omnesque
419 3435 518 3501 reliqui
537 3437 602 3486 coni.
621 3436 800 3485 Lachmannus
