2400 3848
131 157 158 220 ’4
401 168 449 214 ua
472 168 686 215 amurcam
709 166 783 216 car.
800 168 835 215 11.

137 327 233 388 neque
260 307 313 368 tibi
340 324 394 384 per
415 308 503 367 animi
525 309 664 368 virtutem
685 307 781 366 desint
806 324 861 366 nec
888 305 959 366 mihi
987 307 1109 383 perrel

136 396 309 454 tenuitatem
326 393 490 468 supersint,
512 391 719 469 quodcumque
736 391 792 449 hoc
807 389 876 449 libri
893 397 937 450 est
952 391 1025 450 meis
1041 393 1107 469 opi·

102 486 118 535 6
138 479 194 539 bus
210 483 412 554 comparatum
430 475 557 535 natalicii
574 472 656 535 titulo
672 475 726 534 tibi
742 476 818 533 misi.
853 476 884 533 in
901 493 958 554 quo
974 492 1050 543 non,
1075 482 1107 535 ut

136 562 288 640 plerisque
305 579 369 620 mos
385 566 443 629 est,
467 567 517 618 aut
533 577 567 619 ex
584 559 680 620 ethica
696 565 780 637 parte
794 557 998 636 philosophiae
1019 577 1107 638 prae·

138 653 221 726 cepta
244 644 279 706 ad
296 644 381 705 beate
401 643 572 712 vivendum,
596 662 670 722 qarae
686 643 739 703 tibi
754 641 932 711 scriberem,
955 649 1137 703 mutuatusb

137 749 218 799 sum,
249 739 299 789 aut
321 748 357 788 cx
379 727 492 788 artibus
513 728 665 789 rhetorum
690 726 772 788 locos
793 726 928 788 laudibus
947 728 1006 786 tuis
1028 726 1105 788 celc-

136 813 257 874 brandis
287 820 462 890 persecutus
495 811 547 890 (ad
574 812 603 871 id
632 813 709 873 enim
735 813 874 872 virtutum
903 812 1036 871 omnium
1063 811 1105 872 fa·

98 908 102 913 '
137 899 256 975 stigium
283 897 452 966 ascendisti,
485 904 518 956 ut
544 903 648 955 cuncta
677 897 745 962 ista,
780 913 855 973 quae
881 893 926 954 vel
956 896 1106 973 sapienter

136 989 294 1042 monentur
316 979 361 1040 vel
382 980 509 1041 facunde
524 979 747 1057 praedicantur,
769 981 824 1038 vita
847 978 1038 1059 moribusque
1054 999 1105 1041 su-

137 1064 311 1144 peraveris),
329 1064 380 1125 sed
398 1083 433 1124 ex
448 1063 604 1142 philologis
622 1064 841 1123 commentariis
857 1063 998 1142 quasdam
1015 1071 1150 1142 qnae-10

137 1148 300 1209 stiunculas
316 1147 428 1225 delegi,
451 1166 527 1227 quae
550 1155 707 1226 congestae
723 1150 836 1223 possint
857 1147 1038 1228 aliquantum
1054 1166 1105 1208 vo·
1127 1203 1134 1211 .

102 1227 118 1276 7
136 1231 237 1294 lumen
259 1232 386 1293 elticere.
417 1233 506 1310 idque
521 1251 537 1292 a
553 1250 601 1293 me
617 1231 741 1292 docendi
757 1232 854 1292 studio
875 1230 922 1292 vel
938 1232 1106 1292 ostentandi

138 1324 204 1376 voto
226 1317 290 1376 lieri
305 1333 364 1376 non
380 1316 536 1395 praedico,
560 1335 597 1378 ne
612 1319 643 1376 in
659 1334 720 1384 me,
745 1326 778 1375 ut
799 1324 881 1377 vetus
897 1316 1033 1393 adagium
1050 1324 1103 1387 est,

103 1402 119 1452 8
137 1402 202 1462 iure
218 1400 333 1461 dicatur
355 1419 417 1461 sus
438 1401 645 1462 Minervam.
676 1405 738 1463 ium
754 1418 823 1460 vero
845 1418 912 1462 oum
927 1407 979 1461 tuo
995 1400 1105 1462 collatu

137 1487 243 1546 scirem
276 1504 324 1545 me
350 1486 436 1562 plura
464 1486 616 1554 didicisse,
652 1503 689 1546 ne
717 1484 868 1546 beneficiis
900 1487 956 1546 tuis
987 1484 1105 1546 viderer
1123 1490 1149 1541 m

136 1571 284 1647 ingratae,
315 1578 486 1630 nostrorum
513 1577 645 1630 veterum
672 1570 923 1630 sanctissimorum
950 1568 1105 1630 hominum

102 1657 118 1704 9
138 1651 272 1730 exempla
294 1670 357 1713 sum
381 1661 508 1713 secutus.
543 1652 586 1712 illi
602 1655 680 1714 enim
697 1653 775 1733 quod
791 1652 944 1723 alimenta,
967 1654 1104 1732 patriam,

136 1736 243 1804 lucem,
261 1754 292 1796 se
309 1736 437 1814 denique
452 1739 532 1814 ipsos
547 1737 625 1797 dono
642 1738 766 1797 deorum
782 1736 940 1807 habebant,
958 1756 993 1797 ex
1010 1738 1105 1797 omni-

136 1819 193 1881 bus
219 1818 328 1899 aliquid
356 1821 418 1880 deis
439 1820 608 1891 sacrabant,
641 1823 734 1899 magis
763 1821 836 1882 adeo
858 1828 889 1882 ut
915 1839 980 1882 sese
1003 1829 1104 1899 gratos

136 1903 336 1983 adprobarem
358 1923 446 1984 quam
463 1905 540 1982 quod
557 1905 628 1966 deos
644 1904 700 1966 hoc
722 1906 936 1966 arbitrarentur
957 1905 1102 1984 indigere.
1121 1914 1150 1963 tt

86 1993 118 2043 10
136 1991 235 2065 itaque
258 2006 325 2048 cum
347 1998 544 2067 perceperant
565 1990 681 2067 fruges,
713 1997 780 2050 ante
802 2008 889 2068 quam
911 1999 1105 2052 vescerentur

136 2072 198 2133 deis
213 2071 305 2132 libare
321 2074 519 2142 instituerunt,
537 2082 643 2133 etcum
660 2090 747 2151 agros
763 2073 859 2151 adque
873 2073 964 2134 urbes
979 2073 1104 2135 deorum

134 2174 260 2217 munere
274 2157 475 2236 possiderent,
492 2163 606 2235 partem
623 2157 769 2236 quandam
785 2157 902 2236 templis
917 2157 1103 2238 sacellisque,¹

135 2240 187 2300 ubi
208 2258 260 2301 eos
282 2241 426 2311 colerent,
455 2241 641 2303 dicaverunt:
670 2242 789 2320 quidam
816 2245 903 2302 etiam
925 2260 981 2321 pro
1002 2249 1104 2304 cetera

136 2325 269 2402 corporis
290 2324 369 2385 bona
390 2324 556 2386 valetudine
577 2328 689 2386 crinem
711 2327 767 2387 deo
789 2343 905 2386 sacrum
931 2325 1148 2403 pascebantur

85 2412 115 2461 11
135 2409 175 2469 ita
197 2426 264 2488 ego,
291 2426 379 2487 aquo
395 2408 481 2489 plura
501 2411 532 2469 in
548 2410 652 2472 litteris
672 2411 807 2490 percepi,
829 2409 882 2469 tibi
903 2410 977 2471 haec
998 2413 1103 2490 exigua

134 2493 228 2554 reddo
243 2491 393 2554 libamina.

100 2574 119 2634 2
201 2576 286 2637 Nunc
308 2579 447 2656 quoniam
468 2575 542 2638 liber
559 2577 595 2638 de
611 2577 659 2638 die
675 2576 766 2638 natali
786 2577 973 2648 inscribitur,
996 2580 1103 2640 avotis

135 2663 266 2739 auspicia
286 2669 450 2723 sumantur.
497 2663 595 2740 itaque
616 2662 715 2722 hunc
736 2661 844 2733 diem,
868 2663 948 2741 quod
970 2664 1010 2723 ait
1031 2664 1104 2724 Per·

135 2747 211 2814 sius,
239 2763 389 2806 numera
413 2744 569 2806 meliore
595 2743 743 2824 lapillo,
771 2747 860 2825 idque
882 2765 969 2826 quam
992 2748 1104 2827 saepis·
1122 2753 1150 2805 3⁰

136 2890 339 2899 κ*-

203 2965 229 3014 4.
253 2977 287 3012 ex
306 2963 399 3012 ethica
417 2961 560 3025 Manutius,
592 2962 691 3013 exhtca
709 2964 747 3023 D,
777 2965 824 3015 hic
843 2980 859 3014 a
881 2966 907 3014 V
973 2968 997 3016 ὅ.
1021 2968 1108 3036 route

134 3030 161 3079 D
229 3031 253 3079 6.
267 3029 391 3080 cocusI)
460 3031 669 3080 9.m0ueauaD
727 3031 911 3082 sacunbaeD
982 3035 1023 3085 11.
1038 3049 1102 3084 oon·

136 3099 215 3161 geste
237 3097 262 3144 V
331 3099 370 3146 13.
394 3110 449 3145 non
467 3094 528 3146 fieri
550 3098 573 3146 V
643 3097 783 3166 abceptum
804 3099 894 3163 (prior
910 3112 926 3164 ς,
944 3114 979 3149 ea
997 3115 1012 3149 c
1029 3101 1104 3163 sacta

135 3178 192 3214 esse
209 3162 320 3227 videtur)
341 3164 373 3222 D,
393 3161 511 3228 elogium
534 3165 561 3214 V
627 3168 666 3217 14.
684 3168 741 3216 iam
758 3163 834 3228 vero]
852 3180 923 3215 uero
942 3168 981 3229 D,
1001 3166 1102 3218 docere

139 3231 172 3294 V,
190 3244 286 3280 verum
304 3230 406 3294 Iadous,
454 3231 648 3283 amoenitatis
671 3235 698 3284 V
754 3235 793 3284 18.
813 3231 952 3283 habebam
974 3236 1012 3300 V,
1031 3252 1101 3286 corr.

135 3299 203 3346 m.2
273 3299 313 3351 19.
333 3312 394 3348 sese
414 3303 507 3363 gratos
526 3300 650 3360 Halmius,
671 3314 852 3366 sepaecaros
867 3301 898 3360 I),
918 3307 1056 3368 segnatos
1080 3304 1105 3352 V

136 3365 178 3414 20.
197 3362 270 3412 om*
282 3365 316 3429 Ι),
336 3365 388 3416 diis
402 3367 420 3415 d
472 3381 683 3419 anaaraaaeruu
695 3368 827 3434 subacens
840 3370 865 3417 D
917 3371 959 3422 22.
973 3371 1052 3435 alque
1066 3372 1101 3432 I),

137 3434 222 3494 atque
245 3431 272 3480 V
337 3435 379 3486 29.
398 3447 532 3486 sumanus
549 3437 574 3485 I)
625 3437 701 3486 Pero.
720 3438 779 3494 2,1
848 3438 890 3492 30.
911 3437 1055 3503 sepissime
1079 3439 1106 3488 V
