2400 3848
97 130 135 176 VI
476 126 687 176 PRAEFATIO.

96 264 279 350 scripturae
305 262 450 329 varietas
484 271 518 328 et
544 262 648 328 altera
673 262 731 328 illa
758 286 857 351 quam
885 263 956 329 dixi
983 284 1071 328 con-

95 383 206 440 textus
229 373 336 440 forma
350 372 446 459 plene
469 394 507 438 ao
527 374 698 460 perspicue
719 373 754 437 in
775 373 987 441 adnotatione
1010 396 1068 460 ap·

94 493 283 570 poneretur.
320 483 438 570 Itaque
459 494 650 570 pergratum
668 484 807 569 contigit
824 494 864 573 yut
878 485 1067 549 Auousrus

94 592 312 676 Wmuanus,
351 594 443 659 cuius
480 594 627 660 amicitia
662 615 729 659 non
764 595 798 659 in
830 595 892 659 hac
928 615 994 659 una
1029 616 1067 658 re

94 711 247 790 prompta
272 702 352 768 mihi
381 725 420 769 ac
447 714 564 790 parata
592 704 656 770 fuit
683 705 808 771 Romae
838 705 1066 785 commoranti,

93 823 209 898 sponte
225 815 419 879 concederet
433 814 683 880 commentarios
700 836 776 880 suos
792 816 911 901 quibus
935 823 1066 878 omnem·

93 945 111 988 e
139 923 251 990 codice
279 922 442 990 Vaticano
471 923 664 989 varietatem
692 923 805 990 sedulo
834 925 1065 1016 exscripserat.

92 1032 158 1098 Hic
180 1034 268 1097 enirn
290 1031 383 1115 liber,
405 1043 443 1099 ut
466 1055 539 1099 cum
561 1034 827 1100 Darmstadiensi
849 1034 917 1100 fere
940 1035 1064 1120 ubique

92 1144 268 1224 consentit,
291 1142 340 1207 ita
361 1147 394 1206 in
417 1142 570 1208 dissen'su
592 1144 782 1231 plerumque
806 1146 953 1232 sequitur
976 1144 1064 1209 alte-

91 1273 162 1316 ram
183 1250 276 1316 illam
297 1252 513 1319 recentiorem
528 1250 678 1318 manum.

156 1360 253 1426 Hanc
287 1361 419 1449 quidem
450 1365 575 1430 vetusti
608 1364 779 1430 cuiusdam
815 1364 1061 1450 interpolatoris

90 1491 234 1558 operam,
256 1473 463 1558 paucissimis
486 1472 568 1540 locis
590 1475 796 1560 probandam
820 1473 870 1559 (ut
892 1474 993 1560 pao,
1013 1473 1063 1536 16.

89 1581 140 1663 66,
156 1581 223 1669 20),
248 1604 322 1647 cum
344 1582 449 1648 secuti
471 1590 580 1648 essent
595 1584 721 1670 priores
744 1585 887 1649 editores
903 1582 1063 1667 plerique,

89 1690 231 1777 plurima
253 1713 332 1756 sane
353 1691 477 1756 indicia
498 1693 692 1758 mendorum
714 1712 799 1778 quae
822 1690 1004 1775 antiquitus
1027 1694 1063 1753 in

90 1799 262 1866 Censorini
281 1800 402 1867 librum
422 1799 624 1888 irrepserant
638 1800 879 1889 quodammodo
903 1798 1006 1862 oblita
1030 1809 1064 1862 et

90 1907 254 1975 occultata
275 1911 419 1975 fuerunt.
465 1911 644 1993 Postquam
666 1928 746 1973 voro
768 1908 897 1973 omissis
921 1906 969 1971 his
992 1907 1062 1970 ina-

89 2018 186 2083 nibus
209 2016 402 2083 commentis
419 2015 499 2082 Otto
516 2015 639 2081 Iahnus
662 2017 784 2080 reverti
806 2018 914 2102 coepit
936 2016 979 2080 ad
995 2018 1055 2101 pri-

90 2107 214 2192 mariae
236 2148 352 2191 manus
367 2127 521 2212 vestigia,
545 2124 649 2192 multa
671 2125 749 2193 olim
770 2127 932 2191 immerito
950 2137 1048 2211 spreta

89 2245 146 2302 aut
173 2236 324 2322 neglecta
351 2235 482 2302 ex'hao
510 2236 585 2323 ipsa
613 2237 807 2302 auctoritate
829 2237 966 2320 corrigi,
995 2237 1037 2299 ali

88 2346 253 2434 probabili
274 2347 461 2414 coniectura
483 2348 594 2412 sanari
615 2355 808 2432 potuerunt,
832 2344 990 2413 nonnulla
1013 2355 1032 2409 tf

88 2436 164 2522 men
196 2477 279 2543 quae
311 2457 446 2542 gravius
478 2464 634 2544 corrupta
666 2465 777 2522 essent
803 2456 927 2522 intacta
955 2456 1023 2519 reli]

89 2566 220 2652 quenda
241 2568 385 2633 fuerunt.
428 2565 474 2633 Et
495 2568 639 2632 maxime
661 2565 853 2632 lacunarum
874 2574 967 2631 notas
990 2587 1016 2628 st

88 2674 163 2761 pius
177 2676 257 2762 poni
279 2676 423 2762 oportuit
445 2696 544 2762 quam
567 2686 663 2741 antea
676 2676 803 2741 factum
827 2686 908 2740 erat.
943 2674 1008 2755 Qu<

89 2807 208 2870 genere
236 2793 273 2850 ut
294 2807 395 2856 unum
418 2786 568 2869 afferam,
599 2795 736 2873 apparet
758 2808 830 2871 cap.
848 2803 909 2849 mv
942 2784 988 2870 (p.

90 2893 145 2979 17)
174 2896 278 2961 verba
298 2896 433 2961 turbata
455 2915 533 2974 quae
555 2899 614 2960 duo
637 2905 696 2961 cet.
724 2918 790 2961 non
816 2916 913 2982 posse
942 2917 980 2959 ea

89 3005 177 3070 tione
199 3005 310 3070 sanari
331 3026 429 3090 quam
451 3005 641 3072 Ludovicus
665 3005 706 3070 de
728 3005 789 3070 Ian
814 3005 889 3068 iniit
911 3004 945 3068 in
967 3025 983 3067 o

88 3115 257 3180 rnentariis
292 3114 548 3182 Monacensibus
583 3118 638 3203 qui
671 3115 895 3181 inscribuntur
925 3119 977 3178 Get

88 3229 243 3304 Anzeiqen
270 3225 371 3310 (tom.
392 3224 513 3290 XXIV
541 3249 574 3312 p.
595 3225 654 3290 211
681 3227 752 3311 ss).
802 3225 887 3289 Nam
915 3246 968 3289 cur

82 3333 247 3401 duodenis
271 3356 432 3402 annorum
446 3335 708 3403 hebdomadibus
730 3336 766 3400 in
787 3344 930 3401 aetatem
949 3335 960 3400 l
