2400 3848
312 135 360 184 ora
382 135 445 183 nm
466 135 599 184 aarum
623 136 698 186 car.
714 137 788 188 vm.
995 123 1035 188 13

65 293 173 355 parere
196 273 349 336 mulierem
364 292 452 352 posse
466 275 588 354 plurimi
603 277 773 356 adfirmant,
796 285 829 338 ut
844 277 965 338 Theano
980 277 1035 356 Py·

63 359 226 438 thagorica,
242 358 416 421 Aristoteles
430 362 648 439 peripateticus,
665 360 790 429 Diocles,
806 361 935 430 Euenor,
953 361 1033 422 Stra-

64 453 133 513 ton,
156 443 365 524 Empedocles,
388 444 535 523 Epigenes
551 443 695 522 multique
716 453 884 525 praeterea,
907 463 1033 523 quorum

64 529 198 588 omnium
219 546 381 595 consensus
396 529 606 608 Euryphonem
624 529 758 591 Cnidium
781 547 840 590 non
857 530 987 591 deterret
1005 530 1033 590 id

30 619 47 669 5
65 615 165 690 ipsum
187 613 335 690 intrepide
356 623 580 692 pernegantem.
613 622 715 675 contra
736 633 804 675 eum
820 615 915 676 ferme
930 627 1067 675 omnesa

64 695 276 776 Epicharmum
293 699 389 758 secuti
405 705 507 758 octavo
524 716 625 759 mense
641 700 722 760 nasci
744 706 941 775 negaverunt:
966 699 1033 758 Dio·

65 781 128 842 cles
148 787 248 842 tamen
270 782 418 861 Carystius
445 792 474 843 et
493 781 664 843 Aristoteles
685 784 838 860 Stagirites
859 783 945 844 aliter
967 801 1033 844 sen·

65 873 179 927 serunt.
209 883 288 926 nono
311 874 409 927 autern
431 876 460 928 et
476 867 591 927 decimo
606 884 709 928 mense
731 885 798 927 cum
816 866 953 928 Chaldaei
967 866 1033 944 plu·

65 951 136 1010 rimi
158 957 185 1010 et
200 949 278 1010 idem
300 968 389 1028 supra
412 950 484 1010 mihi
504 953 672 1012 nominatus
687 950 858 1012 Aristoteles
879 951 926 1012 edi
947 969 1034 1030 posse

17 1040 184 1114 repartum
206 1036 387 1112 putaverint,
409 1052 507 1111 neque
527 1035 673 1114 Epigenes
688 1036 845 1116 Byzantius
866 1053 945 1095 nono
968 1036 1034 1096 fieri

65 1135 154 1196 posse
176 1120 339 1189 contendit,
362 1136 417 1179 nec
432 1119 626 1198 Hippocrates
648 1120 724 1180 Cous
746 1120 870 1180 decimo.
902 1128 1032 1181 ceterum
1054 1131 1068 1179 7

65 1202 255 1263 undecimum
276 1222 410 1265 mensem
426 1204 598 1266 Aristoteles
613 1203 694 1266 solus
709 1206 830 1283 recipit,
854 1205 946 1265 ceteri
967 1206 1031 1264 uni·

66 1288 144 1348 versi
157 1286 363 1366 inprobarunt.

132 1371 190 1432 Sed
210 1390 290 1432 nunc
311 1370 525 1434 Chaldaeorum
552 1373 626 1432 ratio
648 1371 777 1432 breviter
802 1373 956 1433 tractanda
978 1381 1030 1442 est,
1050 1377 1068 1437 8

14 1463 48 1512 15
67 1453 334 1535 explicandumque
360 1475 413 1517 cur
440 1457 567 1534 septimo
589 1474 691 1517 mense
715 1464 743 1517 et
763 1473 842 1516 nono
871 1465 899 1516 et
920 1456 1034 1516 decimo

66 1540 270 1600 tantummodo
282 1557 370 1620 posse
384 1540 521 1601 homines
536 1542 619 1601 nasci
635 1540 826 1601 arbitrentur.
851 1549 919 1601 ante
935 1541 1033 1601 omnia
1052 1551 1067 1598 2

65 1625 157 1701 igitur
180 1625 279 1686 dicunt
305 1634 403 1685 actum
424 1626 572 1705 vitamque
595 1632 727 1685 nostram
750 1625 842 1686 stellis
868 1633 927 1685 tam
954 1626 1035 1703 ragis

66 1726 157 1785 quam
171 1711 254 1769 statis
271 1727 335 1769 esse
351 1708 523 1776 subiectam.
542 1727 703 1789 earumque
718 1712 800 1770 vario
817 1708 1034 1786 multiplicique

66 1810 156 1853 cursu
183 1810 276 1870 genus
301 1792 462 1854 humanum
488 1792 664 1870 gubernari,
701 1793 753 1853 sed
779 1795 910 1870 ipsarum
937 1800 1035 1853 motus

12 1886 49 1935 20
67 1877 279 1956 schemateque
302 1885 331 1938 et
352 1877 474 1937 effectus
490 1896 506 1937 a
522 1875 583 1936 sole
599 1876 707 1938 crebro
727 1878 876 1937 inmutari.
912 1894 980 1936 nam
1002 1883 1036 1936 ut

67 1959 142 2021 aliae
158 1978 310 2030 occasum,
333 1959 491 2021 nonnullae
507 1961 664 2021 stationem
679 1960 788 2022 iaciant
803 1978 917 2041 nosque
938 1961 1035 2021 omnis

66 2044 124 2104 hac
139 2061 191 2106 sua
203 2044 337 2123 disparili
352 2051 552 2123 temperatura
568 2045 714 2116 adliciant,
730 2045 800 2106 solis
812 2047 878 2106 lieri
891 2047 1033 2124 potentia.

66 2130 167 2208 itaque
190 2147 271 2201 eum,
294 2131 345 2207 qui
360 2129 459 2190 stellas
479 2131 558 2209 ipsas
574 2129 681 2208 quihus
702 2147 856 2191 movemur
871 2138 1033 2207 permovet,
1053 2140 1068 2188 3

67 2215 196 2274 animam
212 2213 297 2273 nohis
313 2215 384 2274 dare
397 2231 453 2293 qua
469 2231 607 2291 regamur
622 2215 919 2292 potentissimumque
935 2215 964 2273 iu
980 2231 1035 2274 nos

13 2306 49 2356 25
68 2315 135 2358 esse
154 2298 377 2376 moderarique,
410 2298 527 2374 quando
548 2303 615 2375 post
636 2298 861 2376 conceptionem
882 2299 1035 2358 veniamus

67 2383 99 2442 in
120 2380 232 2450 lucem;
256 2381 307 2443 sed
331 2381 388 2442 hoc
404 2399 457 2459 per
478 2389 539 2442 tres
557 2380 657 2442 lacere
673 2389 858 2460 conspectus.
892 2382 962 2461 quid
984 2400 1035 2442 au·

68 2471 129 2527 tem
152 2467 188 2526 sit
209 2475 385 2545 conspectus
406 2474 435 2524 et
450 2474 522 2545 quot
543 2466 605 2526 eius
620 2483 746 2543 genera,
777 2475 810 2527 ut
830 2466 943 2545 liquido
967 2484 1034 2544 per-

67 2550 143 2629 spici
159 2552 264 2628 possit,
295 2569 388 2629 pauca
410 2549 591 2630 praedicam.
629 2550 759 2611 circulus
780 2557 839 2619 est,
871 2558 904 2610 ut
924 2549 1070 2620 lerunt,4

138 2871 162 2920 1.
180 2869 386 2936 prrhaqomcns
406 2870 461 2919 DV
527 2871 552 2918 2.
571 2881 745 2919 antenorems
764 2869 789 2915 I)
860 2882 962 2918 euaner
984 2868 1012 2917 V

67 2950 194 2989 arannem
216 2938 270 2986 DV
337 2939 362 2986 4.
387 2936 565 3001 enatphonem
588 2937 644 2986 DV
710 2938 734 2986 5.
759 2948 837 2986 omne
861 2936 898 2995 D,
928 2938 1038 2986 carad

66 3008 93 3059 8.
114 3003 230 3056 chanliet
247 3005 305 3055 DV
369 3006 393 3054 9.
417 3005 484 3053 mihi
502 3021 547 3056 om.
572 3004 599 3051 V
665 3005 704 3054 10.
730 3004 877 3069 ephtqeues
895 3003 932 3062 D,
953 3003 1036 3068 ephy-

67 3087 156 3139 genes
179 3073 205 3121 V
270 3083 413 3122 atzanutus
431 3072 489 3120 DV
554 3072 594 3123 11.
618 3072 797 3137 htppocaarts
816 3072 852 3130 I),
883 3069 1037 3136 hyppocra-

66 3144 112 3190 tes
143 3140 170 3189 V
237 3142 277 3189 12.
306 3153 482 3190 amarorents
508 3139 563 3188 DV
632 3142 671 3188 14.
702 3137 889 3189 chaaoeoaum
916 3139 972 3187 DV

68 3209 114 3258 15.
132 3220 204 3270 quur
225 3207 253 3254 V
317 3209 358 3259 18.
378 3221 471 3257 srarts
490 3207 523 3268 J),
543 3206 756 3269 stantibust
823 3208 862 3256 to.
882 3210 956 3256 motu
979 3206 1004 3253 V

66 3277 111 3325 20.
131 3273 333 3340 shemurasque
351 3275 406 3324 DV
473 3276 515 3328 22.
534 3272 903 3338 btapaaramarempemruaa
920 3274 958 3334 D,
984 3271 1037 3322 dis-

66 3340 214 3407 parilitate
232 3343 338 3406 pariter
360 3342 388 3392 V
452 3343 493 3392 24.
515 3346 543 3391 et
560 3349 618 3391 ante
637 3343 756 3392 animam
774 3343 834 3392 odd.
856 3342 880 3390 V
897 3342 968 3406 vulgo

67 3411 102 3460 25
121 3422 310 3474 conceprtone
323 3411 347 3459 D
416 3411 460 3460 27.
474 3407 541 3474 quod
555 3424 613 3460 erus
627 3410 651 3458 D
702 3408 813 3473 liquodo
831 3408 859 3458 V
861 3406 878 3466 ¹,
892 3424 962 3459 corr.
975 3425 1009 3458 aa.
1023 3411 1038 3456 2
