2400 3848
368 140 416 187 nn
439 140 500 187 nnn
522 141 655 188 nunnus
678 139 752 188 cue.
770 141 842 188 xiv,
1047 125 1090 190 25

122 282 153 341 in
169 298 228 359 quo
244 282 294 357 qui
310 287 418 348 essent,
435 297 521 340 senes
537 278 708 359 appellatos,
725 281 804 360 quod
820 299 852 340 ea
870 287 965 343 aetate
980 298 1089 358 corpus

121 367 181 426 iam
196 365 278 426 senio
293 363 451 425 laboraret.
488 365 684 443 Hippocrates
699 365 831 427 medicus
845 367 877 426 in
892 374 1005 444 septem
1022 383 1089 443 gra·
1108 380 1125 428 3

123 451 179 510 dus
199 455 308 510 aetates
329 448 487 509 distribuit.
532 449 622 511 tinem
645 451 760 529 primae
780 451 892 528 putarit
914 468 979 512 esse
1000 452 1091 528 septi-

123 551 207 594 mum
222 551 349 608 annum,
366 532 514 594 secundae
530 541 669 612 quartum
684 534 841 603 decimum,
858 536 962 595 tertiae
978 534 1090 596 duode-

86 630 104 678 5
121 619 340 688 tricensimum,
367 626 490 696 quartae
505 620 709 681 tricensimum
724 620 875 698 quintum,
896 620 1016 698 quintae
1031 618 1090 680 duo

123 711 154 766 et
182 702 476 781 quadragensimum,
510 710 609 764 sextae
639 705 936 782 quinquagensimum
963 711 1089 772 sentum,

122 788 267 865 septimae
281 788 472 848 novissimum
488 805 599 847 anuum
616 789 689 849 vitae
704 787 860 849 humanae.
885 786 974 848 Solon
992 796 1090 848 autem
1108 801 1126 848 4

124 872 228 933 decem
243 877 343 949 partes
359 871 441 946 iecit,
460 879 489 931 et
502 871 689 950 Hippocratis
705 872 829 950 gradum
845 875 963 933 tertium
980 879 1010 932 ot
1024 891 1090 943 sex·
1165 883 1166 886 ’

122 964 189 1017 tum
208 963 238 1016 et
259 958 419 1033 septimum
435 955 567 1034 singulos
588 955 725 1019 bisariam
740 958 851 1024 divisit,
879 965 911 1018 ut
926 974 984 1017 uua
1001 975 1090 1036 quae-

72 1052 106 1100 10
126 1059 184 1119 que
204 1049 285 1102 aetas
305 1057 399 1100 annos
414 1039 539 1103 baberet
554 1047 703 1120 septenos.
740 1042 857 1102 Staseas
879 1043 1126 1119 peripateticuso

125 1123 163 1186 ad
183 1125 237 1185 bas
252 1122 369 1185 Solonis
391 1125 493 1186 decem
516 1125 718 1186 hebdomadas
740 1125 850 1186 addidit
864 1127 951 1194 duae,
980 1135 1010 1187 et
1024 1142 1091 1202 spa·

124 1211 199 1271 tium
224 1207 330 1286 plenae
355 1210 430 1269 vitae
458 1217 598 1286 quattuor
624 1219 654 1271 ot
679 1213 828 1288 octoginta
854 1228 999 1271 annorum
1026 1227 1091 1270 esse

124 1294 211 1362 dixin
228 1312 317 1372 quem
333 1295 494 1364 terminum
510 1294 535 1355 si
551 1296 617 1373 quis
633 1297 784 1372 praeterit,
801 1296 900 1356 iacere
914 1294 994 1355 idem
1011 1294 1092 1372 quod

122 1377 341 1439 stadiodromon
357 1396 391 1438 ac
406 1377 566 1456 quadrigae
581 1380 707 1448 iaciunt,
731 1397 798 1439 cum
820 1387 903 1440 extra
917 1380 1007 1439 tinem
1023 1395 1091 1455 pro·

70 1475 104 1526 15
119 1468 258 1524 currunt.
289 1462 423 1523 Etruscis
438 1480 557 1542 quoque
572 1461 655 1523 libris
670 1461 807 1523 fatalibus
822 1471 948 1524 aetatem
963 1462 1092 1522 bominis
1109 1473 1127 1522 c

123 1547 280 1627 duodecim
318 1546 553 1608 hebdomadibus
588 1547 710 1608 discribi
740 1547 833 1608 Varro
869 1554 1091 1608 commemorat.

122 1649 201 1711 quae
216 1631 321 1694 duos*
336 1631 373 1692 ad
388 1632 488 1692 decies
503 1637 643 1710 septenos
658 1650 752 1693 annos
766 1650 855 1712 posse
872 1630 969 1693 iataiia
985 1631 1092 1708 depre-

124 1715 220 1777 cando
241 1715 333 1777 rebus
354 1715 459 1776 divinis
480 1716 631 1793 proferre,
663 1717 700 1776 ab
721 1734 800 1777 auno
822 1724 921 1777 autem
943 1729 1016 1775 Lxx
1036 1734 1092 1776 nec

123 1799 267 1881 postulari
290 1799 408 1862 debere
422 1818 480 1861 uec
501 1816 589 1877 posse
610 1800 647 1860 ab
669 1801 733 1860 dois
752 1801 913 1880 impetrari.
959 1808 1092 1860 ceterum

70 1898 106 1948 20
125 1892 192 1964 post
212 1902 306 1945 annos
326 1896 480 1945 nuxxnu
504 1893 634 1944 amente
649 1902 702 1944 sua
717 1884 853 1944 homines
867 1883 965 1952 abire,
996 1900 1093 1962 neque

27 2026 31 2030 .
125 1969 172 2030 bis
193 1969 258 2030 beri
280 1968 425 2047 prodigia.
463 1968 516 2029 sed
538 1987 575 2028 ex
590 1969 632 2028 eis
648 1968 786 2030 omnibus
805 1970 940 2048 proxime
955 1967 1126 2030 videntur?

124 2053 289 2114 ad'cessisse
316 2062 451 2114 naturam
473 2054 532 2133 qui
557 2051 793 2115 hebdomadibus
819 2054 978 2115 humanam
1006 2054 1093 2113 vitam

119 2138 239 2198 emensi
260 2146 338 2198 sunt.
375 2138 440 2199 fere
459 2140 538 2198 euim
559 2143 627 2214 post
646 2139 805 2216 septimum
821 2156 968 2217 quemque
983 2155 1093 2199 annum

125 2220 264 2283 articulos
283 2221 427 2301 quosdam
449 2229 478 2283 et
499 2223 528 2282 in
545 2221 591 2282 bis
611 2221 720 2298 aliquid
740 2224 809 2281 novi
827 2230 933 2283 natura
955 2222 1093 2290 ostendit,

69 2315 106 2368 25
125 2312 159 2367 nt
182 2313 213 2366 et
238 2308 269 2367 in
293 2305 386 2384 elegia
408 2304 525 2367 Solonis
551 2322 733 2384 cognoscere
758 2304 853 2367 datur.
898 2307 938 2366 ait
964 2305 1093 2366 enimin

126 2391 221 2471 prima
241 2389 428 2453 hebdomade
449 2390 553 2452 dentes
573 2389 685 2450 bomini
706 2390 827 2459 cadere,
848 2390 878 2449 in
894 2389 1023 2451 secunda
1038 2389 1093 2469 pu·

124 2567 328 2576 ---—---—.

193 2677 218 2725 2.
233 2675 449 2741 postlaboraret
464 2677 492 2726 in
503 2676 528 2727 Ι)
539 2677 601 2727 add.
619 2676 684 2726 bruc
703 2673 736 2726 ab
754 2674 936 2740 phosphoron
954 2689 1025 2739 quoe
1045 2688 1095 2725 osu

123 2756 241 2797 nonesto
265 2758 371 2793 suenus
393 2758 465 2794 nese
483 2741 660 2794 sonnnmbem
682 2743 735 2794 boo
754 2758 804 2793 ssu
822 2740 903 2793 actuo
921 2742 1094 2794 hemrnomon

125 2808 304 2873 (semitonion
315 2809 359 2875 d):
376 2813 433 2860 uide
442 2827 471 2874 p.
485 2813 532 2874 23,
541 2813 574 2860 16
625 2811 806 2876 bippocnents
818 2812 852 2872 D,
869 2809 1054 2875 hyppocrates
1070 2808 1097 2859 V

124 2880 149 2929 3.
166 2878 266 2929 aetatis
287 2877 315 2927 V
371 2879 397 2927 4.
414 2875 676 2929 buodenatcestmnm
688 2877 746 2928 DV
801 2879 826 2929 ὁ.
845 2877 1013 2927 tricesimum
1035 2876 1064 2927 V

124 2944 440 3010 6.qnadragesim1'1V
511 2945 768 3010 quinquagesimum
794 2944 820 2994 V
891 2946 916 2995 8.
940 2945 1095 3010 hyppocre-

124 3014 163 3062 tis
183 3012 212 3061 V
261 3015 301 3063 11.
319 3011 485 3063 ebdomades
501 3013 529 3062 V
577 3015 618 3065 13.
635 3013 752 3077 preterit
773 3012 801 3062 V
854 3013 895 3066 15.
914 3026 1052 3062 ennunsns
1069 3013 1095 3061 D

126 3082 167 3130 16.
186 3077 378 3132 enbomabtsns
396 3079 452 3130 DV
517 3079 641 3131 bosonem
662 3081 688 3129 D
757 3081 799 3130 17.
825 3094 878 3143 qne
896 3079 959 3130 dum
978 3079 1014 3129 ad
1035 3079 1061 3128 V

125 3147 322 3212 depreeocndo
344 3147 381 3212 V,
404 3162 472 3199 corr.
495 3150 562 3201 m.2
631 3149 673 3198 21.
696 3159 840 3212 psoxomae
858 3149 885 3197 D
953 3148 993 3197 22.
1014 3145 1094 3197 esbo-

126 3212 251 3266 roebuaus
270 3215 327 3265 DV
392 3217 434 3265 25.
454 3214 599 3281 etinlegia
615 3215 643 3265 V
692 3215 837 3265 atenimV
886 3213 1094 3278 inprimabeb-

127 3281 244 3335 dometio
262 3289 310 3334 cet.
327 3284 354 3333 in
373 3282 430 3332 DV
441 3299 523 3347 supra
540 3285 700 3333 inveniuntur
723 3277 796 3344 (cide
815 3284 851 3332 od
868 3299 896 3345 p.
916 3283 957 3341 12,
977 3281 1023 3343 db·
1046 3282 1094 3331 boc

125 3356 210 3403 moero
226 3355 283 3403 ioco
301 3354 417 3415 tepenmr
429 3355 583 3414 temporum
601 3351 626 3400 si
638 3355 762 3402 craterum
774 3357 822 3400 eet.
841 3347 909 3415 (cide
922 3365 980 3413 cap.
995 3348 1093 3414 17,1o)

124 3419 168 3471 26.
189 3415 354 3470 onocoetae
372 3419 411 3484 J),
431 3416 582 3468 ebdomade
604 3418 629 3468 V
