2400 3848
147 187 189 251 32
383 201 431 248 nn
453 202 516 249 nin
538 201 669 248 nnrnnr
692 200 767 249 can.
783 201 869 248 xvrr.
947 219 950 228 ·

148 341 312 402 diutissime
327 341 447 401 vixisset
461 340 508 401 die
524 341 628 400 mortis
643 359 714 402 snae
728 341 816 418 primi
837 340 946 402 saeculi
962 338 1116 401 modulum

146 426 247 494 linire,
267 443 361 503 eoque
377 425 424 486 die
439 427 490 503 qui
505 432 604 485 essent
617 423 723 504 reliqui
738 426 768 484 in
784 427 911 499 civitate,
935 425 971 486 de
986 425 1032 485 his
1047 443 1116 486 rnr-

147 527 212 570 sum
229 511 292 570 eins
307 516 443 580 mortem,
461 511 512 588 qni
528 509 728 587 longissimam
745 511 854 588 egisset
868 516 1008 578 aetatem,
1025 510 1116 571 tinem

149 612 213 655 esse
240 593 348 655 saeculi
374 595 507 654 secundi.
552 596 596 654 sic
622 594 762 673 deinceps
787 601 905 674 tempus
931 593 1116 673 reliquorum

147 680 311 739 terminari.
336 679 386 739 sod
404 697 437 739 oa
451 678 528 756 quod
544 680 717 755 ignorarent
728 679 873 747 homines,
890 687 1026 757 portenta
1039 680 1117 739 mitti
1135 689 1151 738 5

120 763 302 832 divinitus,
331 762 438 843 quibus
454 763 684 824 admonerentur
700 763 948 842 unumquodque
963 762 1115 824 saeculnm

50 870 53 874 ⁴
114 857 214 909 cesse
237 848 361 907 finitum.
406 848 480 908 haec
506 855 645 926 portenta
667 849 784 909 Etrusci
806 866 860 924 pro
883 848 1042 926 haruspicii
1072 849 1116 909 di·

147 930 348 1011 sciplinaeque
374 951 445 993 snae
470 934 575 1009 peritia
602 931 758 1010 diiigenter
785 932 938 993 observata
966 933 996 991 in
1023 931 1117 992 libros

146 1016 335 1077 rettulerunt.
368 1034 460 1094 quare
475 1018 507 1076 in
522 1017 628 1077 Tuscis
643 1017 782 1086 historiis,
799 1035 875 1095 quae
890 1026 994 1079 octavo
1010 1035 1116 1077 eornm

147 1100 265 1161 saeculo
281 1102 409 1180 scriptae
425 1107 508 1170 sunt,
532 1107 565 1160 nt
580 1102 674 1161 Varro
689 1107 828 1170 testatur,
852 1108 880 1161 et
896 1108 968 1180 quot
988 1118 1115 1162 numero
1135 1112 1167 1161 10

147 1183 264 1245 saecula
286 1185 312 1244 ei
328 1186 409 1262 genti
425 1185 490 1246 data
512 1186 570 1244 sint
592 1192 621 1246 et
637 1192 852 1247 transactorum
874 1184 989 1263 singula
1006 1192 1115 1262 quanta

147 1270 256 1330 inerint
277 1268 421 1348 quibusve
436 1271 558 1330 ostentis
573 1287 675 1330 eornm
694 1271 790 1331 exitus
805 1270 948 1347 designati
964 1270 1023 1330 sint
1043 1288 1117 1330 con·

145 1355 265 1413 tinetnr.
302 1355 401 1432 itaque
421 1357 565 1432 scriptum
588 1363 633 1415 est
653 1362 792 1434 quattuor
813 1355 908 1432 prima
929 1352 1046 1415 saecula
1063 1373 1115 1415 an·

146 1456 253 1498 norum
276 1436 366 1499 inisse
388 1448 560 1510 centenum,
590 1441 726 1517 quintum
748 1447 866 1501 centum
888 1439 990 1516 viginti
1011 1441 1114 1508 trium,

147 1530 262 1584 sextum
284 1523 466 1601 undeviginti
481 1533 510 1584 et
526 1531 659 1592 centum,
690 1526 849 1602 septimum
864 1523 1002 1596 totidem,
1034 1533 1115 1585 octa·
1135 1534 1166 1583 15

146 1624 215 1666 vum
230 1614 292 1667 turn
310 1606 427 1668 demum
444 1609 507 1685 agi,
523 1625 634 1667 nonum
652 1615 680 1668 et
695 1608 842 1669 decimum
859 1625 1033 1686 superesse,
1051 1611 1115 1688 qni·

146 1690 203 1752 hus
218 1693 376 1751 transactis
391 1692 479 1751 finem
496 1691 561 1751 lore
577 1692 704 1752 nominis
719 1693 846 1753 Etrusci.

112 1783 128 1831 r
210 1774 411 1836 Romanorum
434 1782 531 1836 antem
548 1775 664 1837 saecula
681 1777 797 1855 qnidam
814 1775 893 1837 ludis
914 1775 1117 1838 saecularibus

144 1866 249 1939 putant
277 1861 432 1939 distingui:
463 1861 511 1921 cni
532 1861 575 1921 rei
596 1860 669 1921 fides
694 1863 718 1920 si
740 1868 819 1922 certa
840 1868 898 1931 est,
929 1861 1036 1921 modus
1048 1861 1116 1922 ¹lio·

145 1946 224 2006 mani
251 1945 361 2005 saeculi
392 1952 436 2006 ost
460 1946 599 2007 incertus
645 1953 814 2024 temporum
842 1947 921 2006 enim
949 1944 1166 2015 reservarem

146 2029 254 2108 quibus
272 2027 333 2089 ludi
349 2030 396 2089 isti
412 2028 538 2090 debeant
552 2029 675 2096 referri,
699 2047 758 2090 non
776 2030 864 2090 modo
880 2037 989 2108 quanta
1005 2029 1117 2092 luerint

145 2119 226 2173 retro
246 2114 424 2190 ignoratur,v
438 2113 490 2174 sed
506 2132 544 2174 ne
567 2120 675 2192 quanta
692 2114 809 2192 quidem
831 2133 897 2176 esse
912 2114 1041 2175 debeant
1056 2118 1115 2176 sci-

111 2205 128 2254 8
146 2204 203 2257 tur.
240 2214 307 2257 nam
323 2199 363 2257 ita
384 2199 547 2258 institutum
571 2215 650 2269 esse,
673 2206 706 2258 nt
721 2200 883 2260 centesimo
900 2216 1020 2276 quoqne
1036 2217 1115 2260 anno

145 2283 263 2352 fierent,
281 2281 309 2340 id
326 2300 392 2342 cum
407 2283 508 2342 Antias
524 2282 632 2362 aliique
649 2283 781 2344 historici
798 2290 934 2345 auctores
949 2292 1033 2354 sunt,
1050 2291 1113 2344 tum

144 2365 238 2427 Varro
268 2366 304 2426 de
326 2369 468 2427 scaenicis
495 2367 659 2444 originibus
685 2367 761 2428 libro
786 2370 882 2447 primo
904 2365 942 2428 ita
968 2371 1165 2447 scriptumst

145 2450 279 2527 reliquit:
310 2469 386 2510 cum
409 2449 522 2510 muita
544 2458 720 2529 portenta
743 2452 899 2522 fierent,
915 2458 965 2512 'et
987 2470 1114 2515 murus

145 2551 185 2596 ac
212 2535 347 2602 turris,
382 2553 479 2614 quae
506 2542 590 2595 sunt
609 2536 721 2598 'inter
749 2546 894 2616 portam
925 2535 1112 2599 Collinam

146 2627 182 2680 et
203 2617 451 2696 Esquilinam,
480 2618 524 2680 de
547 2619 650 2681 caelo
673 2627 774 2681 tacta
802 2627 940 2690 essent,
970 2629 1006 2681 et
1027 2619 1112 2682 ideo

144 2815 347 2824 m

213 2943 238 2989 7.
258 2941 391 3006 aruspicii
413 2940 440 2987 V
488 2939 657 3006 orsctpntsne
670 2954 743 3004 qnae
756 2943 780 2991 D
849 2944 873 2992 9.
893 2957 1113 2992 norrunnenunr

144 3008 178 3070 D,
197 3007 352 3057 retulerunt
367 3008 394 3056 V
460 3009 501 3058 10.
520 3009 684 3060 ntdiaras.
738 3022 771 3058 er
784 3007 891 3072 quooD
961 3011 1002 3059 ll.
1021 3014 1113 3059 trans·

144 3079 269 3125 actarum
296 3076 333 3134 V,
356 3091 424 3127 corr.
443 3079 510 3125 m.2
581 3077 620 3127 12.
643 3087 829 3127 *sourrnernn
846 3078 884 3139 D,
910 3077 1069 3127 continetur
1087 3079 1112 3135 d,

143 3145 202 3193 item
218 3143 250 3201 V,
269 3145 295 3192 ia
308 3158 357 3208 qno
368 3143 459 3192 ntinet
472 3145 487 3191 1
499 3159 531 3193 m.
544 3145 569 3192 in
581 3159 634 3194 ras.
706 3144 747 3194 14.
760 3145 886 3195 censenti
897 3145 950 3207 suit
960 3147 987 3194 in
999 3145 1032 3204 D,
1045 3160 1113 3195 nnnc

141 3219 203 3276 post
225 3223 297 3261 ocur
320 3216 360 3261 eet
376 3225 471 3260 rasura
488 3212 563 3260 trium
580 3213 722 3261 liuerarum
747 3217 835 3262 etum
856 3226 1002 3276 cupersan,
1033 3214 1111 3262 tertio

144 3284 227 3328 autem
249 3281 305 3329 loco
323 3284 455 3341 comparet
475 3280 550 3328 etiam
568 3294 633 3329 nnnc
651 3280 740 3329 ductus
761 3285 923 3330 transuersus
941 3281 984 3346 qui
1000 3280 1053 3342 suit
1069 3294 1112 3330 en-

141 3360 193 3410 per
210 3359 242 3406 n;
267 3346 350 3396 centri
373 3345 399 3393 V
466 3346 590 3410 qninrutn
610 3344 693 3409 (inin
711 3345 776 3410 rar.)
794 3348 820 3396 D
889 3347 929 3398 15.
948 3346 1112 3398 unumdevi-

144 3411 215 3477 ginti
233 3413 282 3462 dV
347 3414 389 3464 22.
410 3412 512 3464 debent
532 3413 561 3461 V
563 3411 584 3477 ¹,
604 3429 672 3467 corr.
691 3430 721 3462 m.
740 3417 756 3463 2
825 3415 867 3465 25.
887 3415 1008 3465 scenicis
1031 3415 1056 3462 V

142 3479 185 3529 26.
203 3493 293 3530 muros
315 3481 340 3528 V
407 3481 448 3532 28.
466 3485 556 3532 tracte
577 3482 605 3529 V
