2400 3848
155 169 198 234 50
386 181 435 229 ns
457 181 519 230 pm
541 181 674 229 ussum
696 180 771 235 cur.
787 183 888 230 xxur.

155 323 266 386 latibus
287 329 425 402 quattuor
441 320 539 383 modis
554 321 701 382 definitur.
740 320 892 401 Babylonii
907 320 1026 400 quidem
1047 339 1064 381 a
1079 339 1128 382 so·

156 409 192 469 lis
208 416 313 469 exortu
329 407 366 468 ad
381 414 517 468 exertum
533 406 666 468 eiusdem
682 408 753 467 astri
768 406 846 467 diem
861 412 1036 476 statuerunt,
1051 414 1081 469 ai
1095 409 1128 470 in

154 492 279 556 Umbria
306 491 441 571 plerique
468 509 484 552 a
512 491 635 552 meridie
662 491 699 552 ad
726 491 895 560 meridiem,
931 490 1129 554 Athenienses

158 586 256 639 aulem
277 577 315 638 ab
337 594 442 638 occasu
465 574 535 635 solis
556 576 592 636 ad
614 593 762 637 occasum.
809 584 942 637 ceterum
961 575 1090 637 Romani
1111 595 1141 638 a·

158 662 254 724 media
275 669 362 722 ncclc
385 661 420 722 ad
442 661 569 721 mediam
590 669 708 721 nectem
724 660 802 723 diem
823 679 888 722 esse
909 661 1125 722 existimarunt.
1146 669 1163 718 5

122 759 140 806 4
158 747 266 808 indicio
282 754 350 806 sunt
365 762 449 806 sacra
461 744 578 823 publica
595 751 624 805 et
639 746 770 824 auspicia
786 747 873 808 eliam
889 747 1127 823 magistratuum,

158 848 286 909 querum
302 833 327 890 si
349 830 420 909 quid
442 836 510 890 aule
525 828 657 891 medium
676 831 772 891 noctis
793 839 838 892 esi
858 838 981 900 actum.
998 829 1056 890 diei
1077 832 1128 911 qui

159 916 312 994 praeteriit
327 913 523 985 adscribitur,
539 916 566 975 si
581 914 651 992 quid
668 920 768 976 autem
784 922 851 994 posi
866 914 993 975 mediam
1008 923 1128 976 noctem

111 1067 114 1074 4
159 1009 189 1062 el
204 1007 272 1062 anie
287 998 384 1060 lucem
406 999 516 1059 facium
532 1005 591 1067 est,
620 998 718 1061 codic
735 1007 850 1077 gestum
866 998 975 1060 dicitur
990 999 1041 1077 qui
1062 1017 1128 1060 eam

124 1095 139 1144 ὅ
158 1085 290 1162 sequitur
310 1090 438 1144 noctem.
468 1083 548 1144 idem
567 1083 714 1161 significat
728 1085 808 1162 quod
823 1084 875 1163 qui
895 1083 1024 1144 amedia
1039 1090 1129 1146 nocte
1149 1092 1178 1141 10

158 1168 196 1230 ad
225 1170 390 1248 proximam
416 1167 546 1228 mediam
567 1175 686 1229 noctem
712 1169 742 1229 in
767 1169 813 1228 his
834 1168 916 1229 horis
935 1175 1075 1247 quattuor
1099 1175 1130 1230 et

125 1264 140 1312 6
158 1254 260 1332 viginti
275 1258 436 1314 nascuntur
457 1252 585 1312 cundem
606 1252 685 1313 diem
701 1252 812 1314 habent
825 1251 961 1313 natalem.
991 1255 1022 1313 in
1038 1253 1129 1314 horas

157 1352 209 1398 ΧΠ
232 1336 310 1398 diem
331 1336 455 1397 divisum
477 1355 542 1397 esse
564 1345 742 1416 noctemque
768 1340 799 1398 in
817 1338 938 1398 totidem
963 1336 1052 1414 vulgo
1074 1356 1129 1398 no·

156 1431 220 1483 tum
244 1428 303 1482 est:
326 1421 378 1482 sed
398 1421 456 1482 hoc
478 1420 568 1483 credo
584 1421 696 1482 Romae
717 1428 786 1502 posi
806 1427 926 1501 reperta
945 1420 1053 1483 solaria
1074 1421 1129 1483 cb·

157 1514 314 1568 servatum.
367 1523 494 1585 querum
524 1507 760 1586 antiquissimum
786 1507 865 1586 quod
892 1506 981 1567 lueril
1006 1507 1130 1568 inventu
1148 1513 1179 1564 15

158 1590 276 1653 difficile
297 1598 354 1651 cst:
384 1590 433 1650 alii
454 1591 533 1651 enim
554 1591 631 1669 apud
654 1591 758 1651 aedem
780 1589 895 1668 Quirini
917 1591 1046 1669 primum
1068 1598 1130 1655 sla-

158 1682 254 1736 tutum
269 1675 387 1745 dicunt,
404 1673 452 1735 alii
466 1675 498 1734 iu
514 1673 672 1752 Capitolio,
695 1674 830 1736 nonnulli
845 1676 882 1736 ad
898 1675 1003 1736 aedem
1018 1674 1130 1738 Dianae

124 1761 188 1820 ‘lin
209 1760 364 1819 Aventino.
408 1757 480 1819 illud
508 1760 579 1820 satis
606 1766 734 1830 constat,
759 1759 874 1821 nullum
900 1763 930 1820 in
957 1759 1021 1820 lero
1045 1762 1130 1839 prius

158 1843 249 1906 luisse
270 1861 359 1923 quam
379 1843 408 1903 id
428 1842 508 1922 quod
524 1843 562 1904 Μ.
584 1842 715 1905 Valerius
737 1863 772 1905 er
795 1844 892 1906 Sicilia
914 1845 1069 1905 advectum
1090 1845 1128 1907 ad

157 1936 255 1990 roslra
275 1930 306 1988 in
326 1926 464 1989 columna
484 1929 591 2006 posuit.
626 1929 705 2008 qued
728 1931 866 2008 queniam
888 1929 925 1990 ad
946 1928 1032 1990 elima
1054 1930 1128 1991 Sici·
1147 1937 1180 1986 m

157 2013 215 2092 liae
231 2013 413 2091 descriptum
435 2013 471 2073 ad
487 2013 577 2072 horas
593 2012 704 2074 Romae
725 2031 786 2074 non
802 2015 985 2083 conveniret,
1007 2013 1041 2076 L.
1057 2015 1129 2075 Phi·

158 2097 258 2177 lippus
274 2114 379 2157 censer
395 2096 474 2157 aliud
489 2097 569 2156 iuria
586 2099 745 2158 constituit.
771 2098 878 2159 deinde
894 2098 1044 2178 aliquanto
1061 2106 1131 2178 post

157 2183 190 2243 P.
209 2179 362 2242 Cornelius
377 2180 482 2242 Nasica
498 2198 604 2242 censor
627 2199 663 2242 cx
682 2199 758 2260 aqua
773 2182 843 2244 lecit
857 2183 1024 2252 horarium,
1048 2185 1130 2263 quod

159 2273 189 2327 et
202 2267 300 2346 ipsum
322 2285 358 2327 er
374 2266 588 2328 consuetudine
602 2266 745 2328 noscendi
766 2286 782 2327 a
798 2266 860 2328 sole
876 2268 964 2329 horas
984 2266 1128 2330 solarium

125 2358 297 2429 acceptum
320 2352 427 2413 vocari.
462 2352 604 2413 horarum
625 2369 735 2412 nemen
757 2370 817 2412 non
833 2352 930 2414 minus
951 2370 1045 2414 annos
1066 2360 1129 2414 tre·
1147 2359 1178 2410 25

159 2443 263 2496 centus
277 2436 389 2495 Romae
408 2437 575 2510 ignoratum
597 2453 661 2496 esse
684 2436 825 2497 credibile
846 2443 905 2498 est:
930 2453 997 2496 nam
1013 2451 1067 2498 xm
1081 2444 1129 2500 la·

158 2519 237 2580 bulis
251 2536 396 2598 nusquam
412 2520 576 2580 nominatas
591 2519 680 2582 horas
694 2522 835 2592 invenies,
851 2528 884 2581 ui
898 2523 928 2581 in
944 2520 1008 2582 aliis
1022 2529 1130 2601 postca

158 2603 287 2684 legibus,
311 2603 363 2663 sed
384 2610 467 2665 anie
489 2603 697 2675 meridiem,
721 2623 757 2666 eo
773 2605 908 2667 videlicet
927 2606 1006 2684 quod
1026 2613 1130 2684 parles

158 2790 362 2798 —————-

227 2910 251 2957 1.
270 2921 428 2958 eauruuout
445 2909 479 2971 D,
499 2906 636 2958 babilonii
658 2909 685 2958 V
751 2907 859 2972 quidum
877 2910 932 2959 DV
999 2911 1023 2960 3.
1043 2909 1129 2961 erhe-

158 2988 263 3027 meusrs
282 2976 306 3023 D
374 2976 398 3026 8.
417 2989 571 3040 praereutr
590 2976 628 3040 D,
651 2977 778 3040 preteriit
798 2978 824 3026 V
890 2979 914 3030 9.
938 2976 1055 3027 diceres
1073 2979 1131 3028 DV

159 3055 282 3109 queaecm
305 3043 330 3092 D
400 3045 440 3093 12.
467 3058 536 3094 oreas
559 3045 585 3093 D
654 3045 695 3094 15.
718 3056 864 3094 iuuencum
888 3045 913 3094 D
983 3047 1024 3095 17.
1052 3060 1129 3096 carr·

158 3111 272 3174 reclino
295 3112 320 3159 D
343 3109 389 3174 (no
407 3113 425 3160 d
446 3112 533 3160 adcor.
557 3117 672 3160 extremo
694 3126 782 3172 versu,
805 3113 919 3176 preciadi
939 3120 1021 3161 autem
1037 3127 1130 3163 versus

157 3181 229 3230 initio
247 3190 298 3229 aaa
315 3179 402 3228 littera
420 3193 498 3228 erasa
515 3177 577 3242 est),
606 3177 759 3244 capitulino
781 3179 806 3227 V
874 3180 914 3229 18.
937 3192 1015 3229 tucos
1032 3181 1058 3228 D

146 3259 199 3316 20.
220 3250 262 3330 ᾆῖἧ
280 3265 318 3328 D,
339 3279 399 3314 cum
422 3264 447 3313 V
462 3266 534 3328 culpo
604 3276 737 3313 acurmma
755 3264 789 3325 D,
809 3262 967 3313 uclimmate
987 3265 1016 3327 d,
1037 3278 1054 3312 a
1073 3263 1128 3313 eli-

157 3336 232 3383 mate
255 3337 280 3384 V
329 3334 370 3384 21.
391 3346 459 3381 ouas
477 3331 535 3381 DV
549 3330 586 3394 (in
602 3332 629 3380 V
638 3332 860 3394 haddinmarp.
873 3329 980 3393 mrec.)
1034 3332 1077 3381 23.
1098 3347 1125 3396 p.

159 3399 269 3451 corirV
334 3411 549 3450 uemsrcceusou
567 3399 591 3448 D
661 3402 703 3452 24.
725 3399 861 3449 horarium
881 3398 905 3446 D
973 3399 1016 3450 25.
1040 3413 1127 3448 ruce-

158 3470 305 3520 ceurcsD
373 3469 416 3518 26.
436 3467 578 3518 duodecim
601 3469 626 3517 V
