2400 3848
295 178 344 224 uu
367 179 428 225 niu
450 180 580 227 uarum
603 181 678 228 car.
694 180 794 228 xvru.
985 166 1026 232 37

54 335 175 378 revera
191 318 312 379 dieteris
333 325 424 388 essel;
449 319 527 381 unde
544 321 698 398 mysteria,
722 339 797 399 quae
813 319 921 381 Lilrero
937 314 1025 383 alter·

55 403 104 462 nis
133 402 207 462 liunt
235 403 333 474 aunis,
371 404 523 465 trieterica
553 423 569 464 a
599 406 694 482 poetis
724 405 872 466 dicuntur.
923 415 1060 484 postea3

55 487 176 564 cognito
203 504 307 549 errore
334 488 392 548 hoe
420 494 537 567 tempus
569 488 758 568 duplicarunt
784 496 813 551 et
838 491 1027 552 tetraelerida

55 570 206 632 lecerunt:
237 572 288 633 sed
315 591 396 642 earn,
427 573 507 652 quod
533 575 636 652 quinto
661 592 778 655 quoque
801 592 879 635 anno
901 574 1025 644 redibat,

19 656 260 739 speutaeterida
290 656 493 719 nominabant.
539 659 590 735 qui
617 675 713 720 annus
743 677 868 736 magnus
894 677 930 719 ex
957 677 1027 737 qua·

56 739 193 801 driennio
210 742 394 803 commodior
409 743 487 802 visus
503 749 548 802 est
563 768 578 804 e
595 765 609 802 a
626 741 695 803 solis
711 761 822 804 anuum
839 751 975 804 constare
991 761 1027 803 ex

55 824 162 886 diebus
184 836 320 886 ccccxv
344 834 372 887 et
395 827 453 887 diei
475 833 559 903 parte
581 828 699 888 circiter
722 836 842 907 quarta,
867 846 941 907 quae
963 842 975 886 1
995 829 1027 887 in

55 909 283 989 quadriennium
310 911 388 972 diem
411 911 581 972 conticeret.
629 929 720 988 qnare
746 929 822 990 agon
845 918 874 972 et
895 913 924 971 in
945 911 1061 972 Elidel.

55 994 118 1055 lovi
139 993 272 1073 Olympio
299 1004 328 1056 et
347 996 459 1056 Rornae
482 994 645 1074 Capitolino
673 998 776 1074 quinto
803 1015 921 1075 quoquc
948 1014 1026 1057 anno

10 1094 38 1143 to
56 1078 202 1140 redeunte
217 1078 394 1140 celebratur
430 1081 488 1140 hoc
509 1098 626 1160 quoque
643 1087 773 1159 tempus,
796 1082 875 1159 quod
898 1080 933 1140 ad
956 1081 1027 1141 solis

56 1163 146 1224 modo
162 1181 282 1225 cursum
298 1182 354 1226 nec
369 1163 406 1226 ad
421 1163 508 1226 lunae
524 1182 690 1243 congruere
706 1164 872 1235 videbatur,
896 1155 1058 1241 duplica.

56 1255 121 1309 turn
137 1255 181 1309 est
196 1254 226 1308 et
240 1250 398 1310 octaeteris
410 1250 497 1320 lacta,
514 1267 591 1328 quae
606 1258 677 1310 tunc
693 1251 878 1311 enneaeteris
890 1251 1025 1318 vocitata,
1072 1255 1082 1278 ⁶

56 1332 125 1410 quia
141 1333 254 1410 primus
271 1335 334 1395 eius
350 1352 446 1394 annus
463 1351 542 1393 nono
558 1351 675 1413 quoque
698 1352 775 1394 anno
791 1333 916 1395 redibat.
947 1334 1027 1394 hunc
1045 1342 1061 1390 5

57 1418 215 1478 circuitum
246 1437 315 1479 vere
343 1436 453 1479 annum
475 1435 616 1496 magnum
644 1436 709 1479 esse
740 1418 883 1497 pleraque
904 1419 1027 1480 Graecia

10 1515 38 1565 15
57 1502 250 1572 existimavit,
281 1503 360 1583 quod
383 1522 419 1564 ex
440 1503 525 1562 anuis
546 1501 730 1563 vertentibus
751 1502 851 1563 solidis
867 1509 1025 1571 constaret,

57 1593 92 1647 ut
110 1589 233 1665 proprie
257 1589 287 1647 in
309 1605 386 1648 anno
408 1604 515 1665 magno
537 1587 603 1649 lieri
623 1604 678 1664 par
694 1594 748 1648 est.
784 1605 852 1646 nam
875 1587 938 1647 dies
959 1593 1028 1646 sunt

56 1676 143 1739 solidi
163 1671 199 1737 ῑι
216 1686 432 1753 υθθοσΧΧΙΙ,
457 1695 571 1740 menses
591 1681 683 1740 solidi
704 1697 762 1739 uno
784 1678 883 1738 minus
899 1685 1026 1746 centum,

56 1763 187 1841 annique
203 1767 352 1822 vertentes
368 1760 453 1822 solidi
470 1770 545 1822 octo.
569 1763 647 1824 hauc
663 1763 842 1824 octaeterida
859 1761 946 1840 vulgo
963 1780 1027 1822 cre-

59 1847 154 1907 ditum
176 1852 220 1906 est
235 1844 272 1907 ab
288 1845 411 1907 Eudoxo
428 1846 530 1907 Cnidio
545 1849 724 1914 institutam,
750 1847 801 1907 sed
818 1845 867 1906 alii
882 1845 1027 1906 Cleostra-

10 1936 39 1985 19
57 1939 121 1992 turn
138 1929 302 1991 Tenedium
317 1931 447 2009 primurn
463 1929 563 1992 lerunt
578 1932 770 2010 conposuisse
793 1938 821 1990 et
835 1936 938 2007 postea
954 1929 1028 1989 alios
1130 1925 1134 1931 ’

57 2013 159 2084 aliter,
182 2015 233 2093 qui
247 2013 400 2075 mensibus
421 2015 500 2075 varie
516 2015 730 2076 intercalandis
746 2032 813 2076 suas
834 2014 1028 2075 octaeleridas

55 2097 255 2180 protulerunt,
272 2104 305 2159 ut
320 2099 389 2160 lecit
399 2097 555 2178 Harpalus,
571 2098 719 2169 NauteleS,
737 2101 941 2169 Menestratus‚
956 2099 1027 2159 item

56 2183 121 2253 alii,
148 2186 177 2243 in
199 2184 264 2263 quis
286 2183 457 2252 Dosithcus,
482 2185 565 2244 cuius
586 2184 713 2244 maxime
735 2185 892 2244 octaeteris
913 2183 1028 2244 Eudoxi

56 2267 239 2328 inscribitur.
276 2266 314 2327 ob
330 2265 388 2328 hoc
408 2269 438 2327 in
454 2268 578 2329 Graecia
594 2266 703 2326 multae
724 2267 883 2345 religiones
904 2267 961 2328 hoc
982 2269 1027 2326 in·
1046 2282 1061 2329 6

56 2453 262 2461 -ψ

80 2570 84 2580 “
128 2573 151 2626 1.
176 2570 304 2621 dteuenes
323 2570 361 2633 D,
386 2570 521 2621 diesteres
539 2571 594 2620 dV
662 2572 787 2620 misteria
813 2570 841 2620 V
902 2572 1030 2635 postLi-

56 2639 125 2689 bero
142 2642 215 2703 vulpe
233 2639 295 2690 odd.
312 2639 388 2702 patri
455 2640 479 2688 3.
499 2637 724 2688 reuneherentde
742 2637 798 2687 DV
863 2640 888 2686 4
907 2637 1028 2688 sedeam

56 2707 96 2768 D,
120 2706 170 2755 sed
188 2704 223 2756 od
241 2720 302 2756 eam
320 2706 367 2754 dV
435 2706 460 2758 5.
483 2704 659 2770 pentetorida
681 2707 710 2754 V
773 2707 798 2755 7.
823 2720 893 2768 quac
912 2718 1028 2770 patenum

56 2772 125 2832 DV,
150 2787 221 2838 quae
244 2787 327 2822 unum
349 2776 421 2837 vulpe
491 2772 515 2822 8.
540 2771 618 2844 caede
636 2774 674 2834 D,
700 2772 791 2822 aalide
813 2771 842 2821 V
905 2775 932 2822 9.
951 2773 1027 2823 olim-

56 2840 104 2905 pio
127 2840 156 2889 V
221 2839 353 2904 capitolio
376 2841 402 2890 V
469 2841 510 2889 10.
534 2855 551 2889 a
570 2853 644 2890 sones
663 2808 688 2887 l)
757 2840 798 2888 12.
823 2851 971 2910 ocrerents
995 2842 1029 2903 D,

56 2911 123 2958 octo
140 2908 209 2958 teris
231 2908 257 2958 V
324 2907 519 2958 aenneocteris
535 2907 567 2967 V,
587 2905 856 2957 ennaeterielolmne
927 2909 967 2958 13.
986 2923 1029 2957 re·

57 2974 192 3025 dicbatd
242 2975 295 3024 huc
314 2975 338 3022 D
409 2977 448 3026 14
469 2974 579 3039 graetie
602 2974 634 3035 V,
654 2989 721 3024 corr.
734 2988 765 3022 m.
778 2988 830 3022 reo.
902 2975 942 3026 16
962 2989 1030 3039 pao-

56 3055 140 3107 prtae
153 3043 178 3091 D
248 3045 288 3092 17.
308 3056 368 3092 sont
386 3043 426 3099 D,·
444 3043 540 3092 dierum
552 3056 677 3090 numerum
695 3046 721 3090 et
738 3054 848 3090 mensos
867 3041 949 3090 solidi
967 3043 1028 3093 odd.

57 3109 177 3173 Scaliger
245 3111 327 3159 minis
350 3109 378 3158 V
393 3108 500 3172 (seilicet
518 3107 571 3159 soli
589 3108 636 3157 diu
653 3107 771 3158 nominis
793 3108 821 3156 V
824 3106 842 3168 ¹,
861 3110 927 3158 unde
945 3108 1029 3158 solidi

56 3191 113 3226 uno
131 3175 213 3226 minis
229 3177 293 3240 fecit
310 3193 341 3227 m.
360 3175 425 3238 rec.)
497 3177 536 3228 18.
556 3175 629 3224 hanc
647 3190 694 3225 om.
718 3176 747 3223 V
799 3174 1027 3227 ocuoaeremdam

57 3244 117 3293 DV
183 3246 223 3294 19.
243 3244 292 3293 alii
310 3244 421 3305 Iadnue,
441 3257 477 3293 au
495 3244 534 3306 D,
553 3243 626 3292 hanc
644 3250 671 3292 et
686 3248 737 3292 tum
754 3242 915 3293 leostratum
938 3243 965 3292 V

57 3313 101 3364 20.
118 3311 191 3362 clius
213 3310 238 3359 V
305 3314 347 3362 21.
365 3324 466 3362 uentae
484 3311 509 3358 D
578 3310 779 3361 occoerentdas
796 3310 854 3360 DV
918 3313 1028 3362 1911-

57 3394 148 3443 peuus
174 3379 212 3435 D,
247 3395 315 3430 corr.
346 3380 365 3430 d
432 3391 566 3429 nannents
592 3379 648 3427 DV
714 3381 755 3432 23.
784 3392 968 3429 ocroeeuems
995 3379 1028 3436 D,

58 3447 198 3498 oeaeterie
215 3445 246 3506 V,
259 3462 330 3498 corr.
343 3448 361 3497 d
413 3448 454 3497 24.
468 3445 619 3512 religiones
631 3462 662 3500 m.
675 3461 728 3497 ree.
741 3448 768 3496 in
784 3446 817 3508 V,
831 3460 963 3513 septenes
976 3445 1033 3497 DV
