2400 3848
391 158 603 234 Pssnnrnrw.
917 157 984 203 XIII

53 307 77 361 V
160 304 267 362 rectos
290 315 347 359 om.
370 315 437 360 cum
458 299 523 357 DV
604 293 635 357 9.
659 294 771 375 rubos,
796 306 829 355 ut
849 297 908 355 DV

53 421 66 474 l.
91 406 226 488 similes,
249 416 282 470 ul
296 411 360 469 DV
444 404 495 469 12.
518 402 699 490 aequaliter
714 414 771 469 aut
790 423 884 468 omne
900 423 984 488 quae

53 522 132 603 ctis,
161 523 297 582 similiter
324 537 362 581 uc
389 521 417 581 V
501 512 665 599 Rapedia,
693 525 726 578 ut
746 517 775 577 D
801 524 830 577 et
859 519 983 577 V-corr.

105 629 153 693 13.
176 626 304 692 Parelle
327 627 443 708 lineae,
465 631 577 704 partim
599 618 709 688 rectius
730 644 820 703 quum
842 628 904 687 DV

53 741 68 804 l.
90 738 360 824 geometriarum,
384 747 418 800 ut
438 741 498 800 uV
561 734 713 821 quinque]
739 751 782 798 ·v·
870 735 921 798 17.
944 732 987 797 ad

53 871 161 931 onem,
184 859 219 914 ut
237 849 304 911 DV
387 846 437 912 18.
460 845 579 929 medio]
603 845 689 911 nodo
712 855 741 909 et
760 865 911 924 strperscr.
933 865 986 908 mo

101 960 153 1023 20.
178 958 318 1040 lineam,
346 964 451 1022 omisso
473 968 598 1041 rectas,
625 960 744 1020 12th
824 976 857 1041 p.
880 954 932 1036 63,
959 954 987 1018 1.

53 1070 166 1133 imissa
251 1068 331 1133 duos
359 1068 458 1133 rectis
487 1088 584 1153 pares
612 1065 745 1147 fecerit,
786 1075 819 1129 ul
843 1069 908 1128 DV

72 1179 227 1264 adempta
312 1179 343 1243 5.
366 1179 460 1264 paria
482 1186 572 1242 sunt:
607 1181 683 1241 hoec
703 1186 840 1242 extrema
867 1186 936 1239 sunt
956 1181 988 1238 tn

55 1294 130 1354 dice.

68 1401 284 1464 ‘Litterarum
311 1397 433 1464 formas
462 1420 547 1485 quae
569 1406 645 1463 sunt
660 1399 707 1492 in
729 1398 842 1463 codice
863 1396 989 1459 Darm-

53 1509 187 1590 adiensi‚
211 1519 370 1595 quatenus
393 1509 464 1573 fieri
483 1508 607 1596 potuit,
632 1507 792 1574 similibus
815 1508 903 1595 typis
927 1528 990 1571 ex-

53 1619 207 1684 imendas
236 1619 363 1699 curavi,
391 1640 454 1706 quo
485 1629 518 1685 et
538 1619 724 1685 accuratior
750 1619 875 1685 vetusti
901 1616 989 1681 illius

53 1730 99 1794 bri
118 1729 227 1814 imago
250 1729 462 1813 effingeretur
489 1738 522 1794 et
543 1728 776 1796 nonnullorum
797 1728 991 1793 mendorum

59 1838 112 1922 igo
140 1838 269 1903 facilius
300 1848 562 1923 cognosceretur.
607 1839 683 1906 Non
705 1837 799 1902 licuit
819 1847 929 1902 tamen
957 1838 991 1900 in

65 1947 140 2013 teris
162 1957 232 2011 net
246 1965 269 2011 n
290 1947 429 2012 reddere
451 1947 535 2012 illud
558 1947 682 2014 codicis
697 1949 879 2035 proprium,
902 1943 992 2033 quod

73 2079 127 2121 era
149 2058 236 2121 infra
258 2057 387 2142 longius
411 2057 546 2139 deduci,
578 2056 682 2123 altera
704 2079 804 2144 supra
827 2077 992 2142 emergere

80 2176 116 2248 et,
140 2176 172 2231 et
193 2185 216 2229 Y
238 2189 367 2254 quoque
389 2166 581 2254 plerumque
602 2167 690 2232 infra
711 2167 893 2233 descendit.
930 2167 992 2231 Re·

90 2277 158 2363 psit
193 2277 274 2339 mihi
311 2276 352 2342 de
387 2275 438 2341 his
475 2277 573 2342 rebus
617 2276 798 2362 ambigenti
834 2275 993 2361 singulari

96 2385 176 2451 itate
206 2385 370 2452 Onnonus
401 2386 563 2453 Bossnnu
600 2396 699 2474 atque
736 2387 836 2454 etiam
872 2387 992 2453 codicis

117 2495 287 2560 dimidiam
308 2502 464 2584 paginam
486 2497 732 2564 accuratissime
750 2498 914 2586 depictam
937 2498 994 2563 ad·

109 2629 123 2686 1,
153 2627 212 2690 pro
241 2628 307 2692 qna
334 2629 434 2693 opera
463 2605 505 2671 ad
526 2609 732 2695 propositum
752 2628 862 2673 meum
889 2606 994 2672 utilis·

131 2714 260 2781 debitas
284 2716 337 2781 hic
358 2717 465 2783 refero
487 2719 624 2802 gratias.

430 3028 480 3061 ’κ
