2400 3848
179 182 221 246 60
423 193 629 244 retensum
653 194 729 244 cur.
745 196 791 243 rr.
808 197 840 244 v.
858 196 902 244 vr.

228 335 365 399 ¹Multum
387 342 486 397 tamen
508 335 615 406 refert,
647 336 730 397 ouius
752 353 885 416 quaeque
908 333 1009 396 stellae
1031 334 1149 404 domus,

128 433 160 481 10
180 419 291 482 alienae
307 439 343 481 nn
360 422 452 499 ipsius
468 421 514 482 sit.
545 420 651 482 domus
666 420 736 481 solis
751 421 813 489 leo,
829 419 916 481 lunae
933 437 1052 490 cancer,
1069 419 1149 479 Mer·

180 507 242 565 ouri
268 506 351 583 virgo
378 513 407 566 et
431 504 555 582 gemini,
591 506 714 565 Veneris
740 502 815 565 libra
842 511 871 565 et
896 511 1011 573 taurus,
1047 503 1151 564 Martis

127 626 129 632 ,
179 591 297 685 scorpio
322 596 351 649 et
371 592 464 660 aries,
494 589 570 650 lovis
591 591 759 687 sagittarius
782 597 811 649 et
825 607 928 666 piscis
960 589 1079 650 Saturni
1101 607 1150 648 ee-

179 675 336 752 prieornus
360 683 389 734 et
411 675 557 753 aquarius.
602 681 672 734 noct
673 675 755 734 urnis
777 673 939 752 originibus
960 673 1058 734 favent
1079 672 1185 732 innuo

179 761 257 819 Mers
274 761 386 829 Venus,
403 752 471 837 pius
487 758 533 819 die
548 767 672 837 possunt
686 756 731 820 sol
747 759 892 820 Saturnus
907 757 1053 836 luppiter,
1070 757 1150 818 Mer·

180 845 278 904 curius
293 844 373 905 varie
390 852 419 903 et
434 843 582 922 quomodo
598 844 749 904 consensit
763 851 813 903 aut
828 844 905 903 visus
921 850 975 902 est

145 1045 164 1100 4
442 1001 445 1009 ¹
564 1046 615 1096 DE
634 1043 764 1097 TERRA.

243 1180 335 1241 Terre
349 1181 444 1242 medie
461 1181 592 1241 omnium
608 1198 710 1242 rerum
727 1176 780 1250 est,
797 1180 891 1241 forma
909 1177 1039 1258 globoso.
1064 1181 1150 1257 equis

180 1266 321 1342 cingitur,
343 1266 373 1325 in
390 1283 458 1326 aere
473 1265 636 1345 prominet,
658 1264 905 1341 exeipitoeelum.
951 1281 1045 1342 equae
1067 1264 1149 1324 omui
1170 1274 1192 1321 lt

180 1347 225 1408 vel
251 1354 346 1410 aeris
357 1353 501 1428 temperie
528 1356 669 1430 quantum
697 1350 847 1420 adficitur,
877 1351 915 1409 ite
944 1366 1151 1428 quoecumque

179 1443 242 1494 sust
230 1435 305 1494 tinet
320 1433 409 1494 afficit
424 1442 454 1495 et
468 1441 574 1495 movet.

145 1533 161 1580 2
243 1519 362 1580 Poterat
387 1519 476 1580 tinem
501 1518 577 1580 liber
596 1518 702 1597 plenus
730 1518 866 1580 omnibus
886 1518 1062 1579 necessariis
1089 1518 1149 1578 ism

180 1603 273 1664 videri
294 1611 485 1664 consecutus.
510 1603 562 1664 sed
579 1621 645 1663 oum
662 1611 691 1664 et
705 1603 808 1664 mundi
823 1603 1023 1664 dimensiones
1038 1610 1068 1663 et
1081 1601 1150 1681 plu·

179 1688 255 1746 rima
277 1694 432 1764 praeterea
455 1689 485 1746 in
505 1687 649 1748 universis
662 1686 754 1748 rebus
769 1688 844 1748 ratio
859 1689 1037 1764 geometrica
1053 1686 1149 1764 inpie·
1168 1697 1192 1745 11

180 1773 270 1841 verit,
287 1789 380 1850 pauca
396 1771 432 1832 de
448 1772 582 1833 numeris
597 1773 803 1850 mensurisque
819 1771 960 1833 dicemus.

147 1972 165 2029 5
504 1974 554 2024 DE
575 1973 821 2027 GEOMETRIOA.

165 2153 168 2162 .
245 2107 431 2169 Geometriea
453 2116 499 2168 est
519 2109 639 2169 seientia
661 2109 813 2186 digerendi
830 2109 949 2188 figuras·
962 2107 1150 2188 [enumeros

182 2193 340 2254 emetiendi
362 2210 429 2253 oum
447 2194 508 2254 suis
522 2192 763 2255 resolutionibus.
799 2210 941 2255 numerus
950 2200 1008 2263 est
1023 2211 1149 2272 congre-

181 2278 258 2355 gatio
275 2276 460 2355 singulorum
475 2278 555 2337 finita
572 2295 690 2357 semper
704 2287 734 2339 et
747 2278 859 2339 infinita
874 2276 1004 2357 notura}
1167 2286 1192 2334 rt

147 2477 166 2535 6
556 2480 606 2530 DE
624 2478 775 2533 FORMIS.

243 2613 318 2676 Noto
346 2624 391 2676 est
410 2614 493 2676 ouius
519 2630 589 2691 pars
611 2613 691 2676 nullo
718 2623 777 2684 est,
807 2613 884 2676 linea
911 2613 1063 2695 longitudo
1084 2617 1149 2678 siue

180 2698 349 2769 latitudine,
377 2698 472 2760 tineae
492 2699 638 2760 finest
585 2706 638 2760 not
639 2717 682 2760 ae.
728 2707 809 2761 recta
833 2699 910 2761 linea
937 2707 982 2761 est
1002 2717 1078 2779 quae
1099 2719 1148 2762 su·

251 2871 403 2937 Lsrenue
421 2868 487 2928 DV,
515 2866 598 2919 stella
620 2871 692 2933 volgo
760 2871 783 2918 2.
808 2868 904 2918 alieno
930 2869 955 2918 V
1023 2881 1150 2920 mercum

180 2936 265 2992 DV
248 2934 256 2966 ¹
284 2918 414 2985 mereurii
434 2936 459 2984 V
474 2952 505 2988 m.
523 2952 576 2989 rec.
645 2938 671 2990 4.
687 2949 763 2985 toene
779 2937 812 2999 D,
832 2937 925 2986 iouid
991 2940 1085 3002 pisces
1108 2939 1135 2987 V

180 3005 204 3053 6.
227 3004 330 3068 iupiter
356 3005 383 3054 V
447 3005 472 3054 7.
495 3018 595 3053 uentae
618 3004 643 3053 D
713 3005 753 3053 10.
776 3005 805 3053 in
828 3005 940 3054 oereV
1009 3008 1049 3054 11
1074 3006 1149 3056 aeris

179 3073 240 3122 odd.
258 3070 355 3120 Iadnus
423 3073 576 3136 temperies
598 3071 643 3128 V',
662 3086 731 3120 corr.
749 3074 807 3120 m.2
875 3086 948 3136 treq.
967 3083 1055 3136 eumq
1073 3074 1098 3122 D

181 3142 221 3189 14.
239 3136 329 3189 uideni
347 3137 368 3200 (i
384 3139 411 3187 in
422 3138 487 3201 roo.)
505 3139 530 3187 D
601 3138 641 3186 16.
660 3138 776 3187 dicimus
799 3138 825 3187 V
892 3140 932 3188 17.
950 3151 1148 3203 peomermuco

181 3208 218 3268 D,
242 3205 396 3272 geometria
419 3204 444 3253 V
513 3206 553 3257 18.
576 3203 714 3270 dirigendi
732 3209 805 3270 uulgo
874 3212 903 3256 et
920 3220 1048 3256 numeros
1065 3210 1147 3274 ouipo,

181 3273 357 3325 arithmetice
375 3288 449 3326 num.
471 3276 536 3324 coni
554 3273 653 3323 Iaduuu
722 3275 763 3323 19.
783 3273 826 3323 sui
848 3273 874 3322 V
940 3274 982 3325 20.
1003 3280 1031 3323 et
1048 3289 1095 3325 om.
1113 3275 1147 3334 D,

180 3343 273 3392 addd
333 3346 435 3391 nature
453 3341 488 3391 de
507 3341 602 3390 formis
620 3343 687 3390 nete
704 3345 822 3391 contiuuo
833 3355 908 3391 versu
924 3341 950 3390 V
1015 3343 1057 3391 22.
1075 3356 1149 3393 none

181 3410 208 3471 (o
220 3412 246 3460 in
257 3408 323 3475 rao.)
337 3411 373 3469 D,
387 3413 454 3458 nate
470 3408 497 3458 V
562 3410 605 3461 23,
618 3421 719 3458 niueae
732 3418 765 3458 ao
779 3421 851 3458 utute
865 3408 926 3471 DV,
940 3424 1009 3460 corr.
1024 3408 1149 3461 Cevenna

180 3484 206 3528 et
223 3477 320 3528 Iodnoo
388 3481 464 3542 reete
486 3477 511 3526 V
