2400 3848
323 179 372 227 oe
394 178 456 231 niu
477 180 609 228 narum
631 180 706 229 cnr.
729 182 817 230 xx11.
991 161 1033 231 qq
1106 151 1111 158 ⁸

61 319 239 399 quibusdam
262 317 298 381 ab
323 328 390 380 ortu
409 319 613 398 vergiliarum,
641 318 790 381 nonnullis
811 320 847 381 ab
864 339 967 382 earum
983 341 1032 384 oc·

62 421 150 474 casn,
174 402 275 464 multis
292 422 309 464 a
325 405 406 464 canis
428 411 533 465 exortu
554 405 688 483 incipere
711 422 806 465 annus
827 405 969 468 naturalis
991 409 1032 467 vi·

62 487 160 550 detur.

126 573 272 634 Mensium
298 591 407 651 genera
432 574 506 635 duo:
540 591 608 634 nam
632 573 681 634 alii
702 583 770 636 sunt
790 574 953 645 naturales,
984 575 1033 637 alii
1044 579 1081 640 22

27 670 44 720 5
63 657 173 719 civiles.
211 658 390 719 naturalium
412 660 527 737 species
547 659 638 727 duae,
662 659 741 736 quod
757 660 863 736 partim
880 658 949 720 solis
964 678 1031 738 par·
1050 672 1066 720 2

29 808 37 819 ,
62 744 113 804 tim
130 741 217 804 lunae
233 761 298 804 esse
313 743 461 804 dicuntur.
489 743 654 804 secundum
669 743 762 804 solem
778 745 810 805 fit
825 746 944 814 mensis,
962 745 1033 806 dum

60 827 107 888 sol
128 827 374 906 unumquodque
395 829 426 889 in
441 828 562 888 zodiaco
584 827 657 888 orbe
673 829 790 905 signum
805 830 967 908 percurrit;
988 829 1032 891 lu-

61 912 144 973 naris
165 919 209 973 est
231 919 329 973 autem
346 915 488 992 temporis
509 912 658 989 quoddam
681 914 807 991 spatium
829 931 935 974 anova
951 913 1031 978 luna.

61 995 161 1058 civiles
190 1014 307 1058 menses
334 1008 401 1058 suut
431 999 549 1058 numeri
575 997 692 1075 quidam
723 997 839 1060 dierum
869 1016 944 1076 quos
973 1012 1066 1060 una3

9 1094 45 1144 lo
62 1099 202 1162 quaeque
220 1082 320 1143 civitas
334 1100 388 1143 suo
404 1083 536 1144 instituto
557 1081 709 1152 observat,
731 1089 764 1143 ut
779 1100 857 1143 nunc
872 1083 1031 1144 Romania

60 1164 196 1228 kalendis
211 1167 241 1226 in
256 1165 406 1228 kalendas.
443 1165 591 1228 naturales
613 1174 642 1227 et
657 1167 839 1249 antiquiores
854 1175 883 1228 et
899 1170 1030 1229 omnium
1088 1166 1093 1172 ’

61 1252 195 1330 gentium
216 1268 388 1312 communes
408 1259 492 1321 suut,
521 1251 620 1312 civiles
641 1259 670 1312 et
691 1254 838 1330 posterius
858 1254 983 1314 instituti
1003 1261 1032 1314 et

61 1335 99 1401 ad
115 1353 205 1397 unam
220 1354 369 1415 quamque
384 1339 535 1416 pertinent
550 1336 706 1398 civitatem.
730 1337 780 1415 qui
796 1344 865 1398 sunt
881 1336 1030 1408 caelestes
1048 1350 1066 1398 4
1089 1339 1093 1346 '

60 1422 122 1482 sire
137 1419 207 1482 solis
228 1439 282 1481 seu
296 1419 400 1497 lunae,
423 1439 519 1500 neque
533 1439 682 1500 peraeque
704 1422 781 1482 inter
801 1439 833 1482 se
854 1439 942 1501 pares
963 1431 1032 1483 sunt

9 1513 43 1565 lt
60 1524 118 1568 nec
144 1505 207 1568 dies
232 1504 343 1567 hahent
367 1513 452 1567 totos.
498 1506 608 1584 quippe
633 1503 676 1565 sol
697 1507 728 1566 in
755 1508 875 1585 aquario
897 1513 1032 1567 moratur

60 1590 182 1652 circiter
206 1590 422 1669 undetriginta,
459 1593 491 1651 in
516 1592 598 1668 pisce
625 1591 687 1650 iere
713 1590 847 1670 triginta,
883 1591 914 1651 in
940 1591 1032 1653 ariete

59 1693 154 1736 unum
176 1682 206 1736 ct
228 1676 361 1754 triginta,
388 1676 419 1736 in
441 1676 565 1754 geminis
586 1693 680 1754 prope
700 1676 819 1754 triginta
841 1682 871 1737 et
886 1676 975 1746 duos,
1003 1684 1031 1738 et

60 1760 155 1822 sicin
179 1762 286 1821 ceteris
311 1760 551 1838 inaequabiliter,
582 1758 634 1820 sed
656 1778 750 1839 usque
777 1760 851 1821 adeo
872 1778 932 1821 non
952 1768 1031 1822 totos

61 1845 175 1906 diesin
196 1843 333 1922 singulis,
355 1853 387 1905 ut
408 1862 518 1906 annum
539 1862 641 1914 suum,
664 1845 693 1904 id
715 1852 759 1905 est
774 1845 837 1905 dies
852 1858 987 1907 ccccxv
1003 1853 1031 1907 et

10 1939 43 1988 2ο
61 1930 231 2010 portionem
246 1931 347 1990 nescio
362 1948 450 2008 quam
466 1929 563 1990 adhuc
579 1929 735 2006 astrologis
751 1928 981 2007 inexploratum,
998 1930 1028 1989 in

59 2028 115 2076 ΧΠ
135 2031 205 2075 suos
220 2012 329 2077 dividat
343 2032 469 2076 menses.
501 2015 571 2075 luna
586 2022 684 2075 autem
699 2012 832 2092 singulos
854 2031 924 2075 suos
945 2032 1028 2076 men·
1047 2026 1064 2077 5

60 2117 109 2161 ses
124 2099 243 2159 conficit
258 2097 362 2160 diebus
385 2099 585 2178 undetriginta
608 2100 727 2160 circiter
743 2105 772 2159 et
787 2099 953 2170 dimidiato,
978 2097 1030 2162 sed

61 2191 92 2245 et
104 2183 160 2244 hos
175 2185 252 2244 inter
268 2202 299 2244 se
321 2185 470 2263 dispares,
496 2183 567 2245 alias
582 2184 747 2260 longiores,
774 2180 844 2244 alias
866 2183 1028 2246 breviores.

60 2276 92 2329 at
111 2269 270 2330 civitatium
291 2285 410 2330 meuses
436 2268 481 2328 vel
502 2269 596 2346 magis
617 2285 742 2328 numero
763 2267 878 2328 dierum
898 2269 976 2329 inter
997 2287 1029 2329 se

10 2362 43 2412 ao
60 2351 246 2430 discrepant,
268 2353 320 2414 sed
342 2353 405 2414 dies
425 2352 535 2431 ubique
557 2352 669 2413 habent
688 2359 775 2412 totos.
806 2351 885 2431 apud
900 2351 1029 2414 Albanos
1048 2364 1064 2413 6

60 2438 185 2500 Martius
207 2445 251 2499 est
265 2456 317 2499 sex
338 2445 368 2497 et
387 2438 522 2516 triginta,
543 2437 638 2498 Maius
658 2437 760 2515 viginti
782 2436 888 2508 duum,
911 2436 1031 2499 Sextilis
1071 2460 1077 2471 ·

60 2522 277 2599 duodeviginti,
300 2522 475 2600 September
497 2523 639 2584 sedecim:
663 2521 898 2584 Tusculanorum
915 2523 1029 2595 Quinti·

60 2605 97 2668 lis
110 2608 174 2669 dies
189 2606 278 2669 habet
292 2620 413 2677 xxxvl,
430 2606 560 2668 October
579 2621 692 2682 xxxlr,
708 2607 786 2666 idem
803 2605 935 2667 October
949 2606 1029 2686 apud

59 2692 197 2753 Aricinos
220 2705 384 2752 xxxvrni.
430 2693 552 2752 minime
573 2691 709 2753 videntur
730 2708 846 2751 errasse
862 2693 911 2768 qui
932 2692 968 2752 ad
984 2691 1063 2753 lut

10 2784 44 2836 tt)
60 2793 118 2838 nae
133 2794 254 2838 cursum
270 2794 390 2837 menses
406 2775 503 2837 civiles
519 2775 793 2845 adcommodarunt,
811 2777 889 2835 utin
905 2775 1028 2837 Graecia

58 2859 211 2942 plerique,
232 2860 310 2941 apud
325 2879 401 2940 quos
423 2860 528 2944 alterni
544 2877 661 2922 menses
684 2859 719 2920 ad
735 2860 867 2919 tricenos
883 2858 945 2919 dies
960 2869 1030 2920 sunt

128 3131 152 3181 2.
173 3131 328 3193 muratel),
347 3132 449 3181 corr.d
516 3132 541 3182 4.
559 3140 689 3179 mensium
706 3129 732 3178 1)
750 3135 809 3179 ante
826 3142 879 3178 ras.
903 3128 935 3191 V,
954 3143 1029 3178 men·

59 3200 157 3249 eumd
225 3200 264 3250 14.
289 3211 396 3263 porres
413 3197 472 3247 DV
538 3198 577 3247 16.
597 3195 726 3247 undem
742 3197 800 3247 DV
864 3208 939 3261 pisce
958 3192 984 3258 (e
1003 3197 1029 3244 in

57 3264 125 3330 rac.)
144 3265 169 3315 D
239 3268 280 3317 16.
298 3277 720 3316 xxx-unumerxxx-xxx
738 3263 851 3316 arduos
869 3264 924 3314 DV
941 3262 1030 3328 (cuper

58 3335 169 3384 ultionem
189 3349 246 3383 xxx
268 3332 307 3384 V²
330 3335 390 3386 add.
412 3333 453 3398 ta)
524 3334 566 3386 22.
589 3331 799 3398 nuberotqenra
821 3333 846 3381 D
914 3332 956 3381 24.
980 3346 1029 3381 uu·

60 3413 155 3452 monos
173 3401 199 3450 D
268 3402 310 3452 26.
334 3415 436 3468 utqtnrt
453 3399 541 3452 tonum
560 3401 600 3464 D,
623 3400 725 3466 uiginti
743 3405 771 3451 et
789 3401 871 3450 duum
888 3401 960 3465 uulgo

59 3470 102 3523 27.
121 3482 264 3536 quturmes
282 3469 308 3518 D
