2400 3848
176 152 217 216 62
462 165 668 214 autumnum
692 164 766 213 cae.
783 165 856 212 vm.

178 306 356 386 triangulum
385 304 597 386 aequilaterum
627 307 707 382 quod
736 304 856 384 paribus
883 304 967 366 trinis
991 302 1145 368 lateribus.

143 407 158 455 3
177 392 315 454 isosceles
337 392 415 470 quorl
438 391 496 452 duo
517 397 630 451 tantum
650 388 742 450 latera
764 390 844 469 paria
867 388 965 452 habet.
1006 389 1148 451 scalenon

178 477 256 557 quod
287 477 342 537 tria
371 476 464 538 latera
494 473 656 555 inaequalia
683 473 780 535 hahet.
826 473 1037 554 orthogonium
1066 475 1149 557 quod

176 562 266 624 habet
287 568 403 623 rectum
425 558 576 638 angulum.
614 557 833 640 amblygonium
848 560 928 639 qnod
943 557 1034 620 hahet
1054 577 1148 621 unum

177 646 318 726 angulum
339 645 487 707 hebetem.
534 644 712 727 oxygonium
733 645 812 723 quod
833 663 937 706 omnes
956 652 1019 705 tres
1042 651 1182 705 acutosa

177 731 300 812 angulos
329 730 427 792 habet.
474 729 742 810 quadrilaterarum
772 729 937 790 formarum
968 728 1147 808 quadratum

177 815 320 894 estquod
348 817 446 876 omnia
469 820 608 894 quattuor
628 812 722 876 latera
738 819 834 892 parta
856 813 995 876 habetet
1021 812 1147 892 angulos

176 907 284 962 rectos.
321 899 526 962 heteromeoes
549 899 627 977 quod
649 898 773 977 angulos
794 907 894 962 rectos
914 917 969 960 nec
984 896 1078 960 latera
1094 916 1147 977 pa·

141 987 219 1047 tria
240 985 340 1048 habet.
385 983 515 1068 scutula,
544 984 573 1044 iel
595 992 639 1046 est
660 982 818 1055 rhombos,
850 983 929 1064 quod
949 983 1042 1044 latera
1064 984 1147 1062 paria

66 1067 70 1072 ’
176 1070 265 1131 habet
280 1087 335 1131 nec
351 1069 474 1148 angulos
489 1066 596 1130 rectos.
621 1067 716 1130 simile
732 1067 878 1139 scutulae,
896 1068 979 1130 cuius
995 1069 1145 1129 contraria
1166 1079 1194 1129 ιι

176 1154 268 1216 latera
292 1162 320 1216 et
343 1155 485 1215 contrarii
506 1151 606 1231 anguli
626 1154 705 1215 inter
721 1171 752 1214 se
768 1170 855 1232 pares
871 1160 952 1224 sunt,
974 1152 1026 1214 sed
1048 1170 1147 1236 neque

175 1238 390 1319 aequilaterum
416 1257 513 1318 neque
538 1240 629 1300 rectis
652 1236 766 1316 angulis
794 1245 845 1299 est.
891 1238 1018 1316 trapezia
1046 1246 1148 1300 cetera

176 1326 375 1385 nominamur.
400 1322 560 1402 paralleloe
574 1323 669 1384 lineae
684 1329 753 1385 sunt
768 1341 843 1403 quae
858 1324 888 1384 in
907 1323 1010 1384 eadem
1026 1322 1147 1401 planitie

176 1410 289 1489 positae
305 1425 466 1487 numquam
481 1410 560 1470 inter
576 1425 607 1468 se
623 1410 807 1486 contingunt.

509 1610 559 1658 DE
577 1608 814 1661 POSTULATIS.
1167 1613 1194 1662 lt

238 1744 387 1806 Postulata
416 1752 636 1823 geometrarum
664 1752 734 1805 sunt
759 1747 898 1824 quinque.
946 1755 978 1807 ut
999 1745 1087 1808 liceat
1108 1747 1144 1810 ab

175 1829 256 1891 omni
275 1831 359 1907 signo
382 1828 418 1891 ad
439 1847 527 1892 omne
549 1836 660 1890 rectam
687 1827 795 1891 lineam
816 1830 941 1903 ducere,
973 1839 1002 1892 ει
1025 1849 1145 1894 omnem

174 1916 286 1976 linitam
307 1923 419 1976 rectam
439 1913 547 1975 lineam
568 1934 584 1975 ε
605 1915 727 1992 regione
749 1916 862 1983 eicere,
894 1924 924 1976 et
944 1917 1025 1976 omni
1047 1917 1146 1979 medio

174 2008 204 2061 ει
224 1998 377 2062 intervallo
400 1997 544 2059 circulum
565 1998 711 2070 scribere,
744 2010 772 2060 et
787 2017 891 2062 omnes
905 2007 1004 2063 rectos
1019 2000 1146 2079 angulos

174 2086 251 2145 inter
277 2100 416 2161 separes
442 2101 521 2151 esse,
557 2084 639 2144 etsi
666 2085 696 2143 in
721 2082 814 2144 lineas
836 2093 936 2147 rectae
962 2091 1043 2146 recta
1067 2085 1192 2148 lineato

173 2213 370 2222 ——n——n

242 2272 265 2320 1.
285 2284 498 2334 nequamneuam
516 2268 555 2335 qd
571 2265 627 2334 (um
645 2267 680 2335 qd
698 2272 724 2319 in
741 2285 836 2321 rasura
853 2271 962 2336 quinque
979 2287 1059 2322 aeaeae
1077 2274 1145 2324 litte·

172 2337 269 2404 rorum)
288 2340 327 2396 D,·
348 2340 406 2388 otim
422 2339 503 2401 fuisse
521 2339 620 2388 videtur
638 2338 841 2401 aequilaterum
861 2343 903 2388 est
968 2346 1030 2403 poet
1047 2339 1144 2392 lateri·

173 2406 223 2456 bus
245 2409 317 2471 volpe
340 2407 401 2456 add.
427 2407 566 2455 concurrit
638 2408 663 2455 2.
687 2403 859 2470 ipaoacaelos
882 2406 952 2470 quod
975 2410 1023 2457 tuo
1051 2408 1078 2457 V

173 2472 331 2524 sceoaenon
349 2474 382 2535 D,
407 2471 545 2538 scadqnon
567 2472 595 2522 V
659 2475 683 2522 3.
707 2475 854 2538 ortogonii]
876 2473 904 2522 V
906 2471 922 2531 ¹,
945 2489 1014 2524 corr.
1039 2492 1071 2525 m.
1090 2493 1143 2530 rec.

171 2543 196 2594 4.
217 2541 425 2606 amphrqomnm
443 2540 480 2602 D,
505 2541 691 2605 ampigonium
718 2541 746 2590 V
810 2556 893 2590 unnim
916 2541 1073 2603 Nunneea'ue,
1099 2544 1143 2594 ido

172 2611 191 2659 d
206 2611 233 2659 io
250 2623 317 2668 rac..
336 2607 409 2658 idem
431 2606 460 2656 V
523 2608 548 2660 5.
566 2606 700 2658 honorem
718 2610 756 2670 D,
775 2608 924 2658 habentem
942 2610 1012 2660 dV·
1057 2612 1140 2662 ocho-

171 2688 279 2742 qontum
301 2677 360 2726 DV
424 2677 449 2725 6.
478 2673 713 2739 qnabntnarenum
741 2674 806 2734 DV,
836 2692 906 2729 corr.
930 2677 1074 2728 Nunneciue

172 2747 197 2798 7.
219 2744 301 2809 pario
322 2745 382 2794 odd.
402 2742 526 2792 Gouclra'ue
594 2745 619 2796 8.
643 2754 822 2795 erenomeceo
840 2744 898 2794 DV
960 2750 1055 2796 rectos
1080 2748 1141 2799 add.

172 2811 316 2862 Nunneaiuo
384 2813 408 2861 9.
422 2821 534 2860 nnmnoe
550 2811 602 2860 DV
671 2812 711 2862 10.
731 2822 840 2861 ermines
854 2810 911 2861 DV
976 2814 1017 2863 12.
1037 2828 1140 2879 acqua·

171 2927 251 2962 neren
264 2925 318 2962 aun
331 2893 561 2982 omneqvenecrts
579 2912 604 2961 D
623 2910 652 2975 (v
669 2912 729 2962 add.
749 2910 786 2976 d),
806 2911 962 2976 aequaliter
980 2917 1028 2963 ont
1047 2929 1140 2965 omne·

171 2994 224 3044 que
241 2979 326 3030 rectis
348 2979 385 3036 V,
408 2995 476 3030 corr.
496 2979 633 3037 Corneliae·
654 2980 714 3029 nu‘tr'
730 2985 812 3030 tamen
834 2980 1066 3045 aequilateratum
1084 2984 1140 3033 olim

168 3049 248 3110 soloce
266 3048 366 3097 uidetur
435 3045 552 3111 napeoto
570 3047 604 3108 D,
623 3044 735 3111 repedic
752 3050 930 3112 superscripta
948 3061 966 3096 o
988 3048 1016 3098 V
1030 3051 1046 3096 1
1064 3066 1096 3102 m.

172 3118 211 3166 13.
224 3128 447 3180 panannenreeee
459 3115 497 3173 D,
516 3112 707 3177 parallelynac
720 3115 750 3177 rt,
768 3114 876 3180 parollq
888 3115 944 3179 linq
962 3115 987 3163 V
1039 3115 1139 3168 coltoc-

170 3180 228 3233 bem
246 3183 279 3244 D,
298 3183 404 3233 cermel
453 3180 575 3247 planicie
597 3180 625 3230 V
690 3181 730 3233 14.
749 3195 902 3247 conrtqrrun
919 3182 944 3230 D
1015 3185 1056 3236 16.
1075 3199 1139 3251 geo·

169 3249 393 3300 metriarude
461 3251 501 3299 17.
521 3247 553 3298 alt
566 3260 670 3298 omnem
683 3247 742 3298 DV
806 3249 997 3298 18.nruramD
1049 3251 1139 3302 medio

170 3319 321 3378 Nannenus,
341 3315 416 3368 molto
434 3318 495 3380 DV,
515 3313 625 3380 κέντρῳ
643 3315 773 3375 Euclides,
793 3319 889 3366 centro
907 3321 1037 3382 interpres
1049 3317 1137 3370 Eucli-

170 3386 210 3436 (lr'e
227 3388 253 3436 io
267 3386 378 3437 Gromat.
391 3385 496 3438 Loelaem.
512 3400 541 3448 p.
556 3386 614 3443 379,
628 3386 660 3433 11
728 3385 768 3434 20.
788 3384 860 3435 inter
873 3382 914 3449 se]
933 3386 1053 3439 minores
1071 3385 1138 3438 duca

169 3453 254 3504 rectis
276 3455 301 3504 V
367 3453 458 3504 lineae
475 3455 569 3502 rectae
587 3452 743 3513 Nanneer'ue,
763 3464 872 3503 niueam
893 3453 949 3504 DV
