2400 3848
120 193 159 255 12
366 206 415 254 nn
437 206 499 253 um
519 205 651 254 usuum
674 206 748 256 eae.
768 206 830 253 vu.

119 345 314 425 Empedocles
329 347 444 408 videtur
460 347 602 407 sensisse:
625 363 693 406 nam
710 363 813 406 causas
829 344 951 425 quidem
972 362 1029 405 cur
1044 344 1085 407 di·

118 432 267 492 videretur
282 448 341 490 uon
356 433 464 510 posuit,
481 431 584 508 partiri
599 430 803 491 tantummodo
820 430 867 498 ait,
885 436 914 490 et
928 430 955 489 si
969 436 1085 491 utrum·

119 533 176 593 que
196 516 281 576 sedes
308 534 400 593 aeque
421 514 529 575 calidas
556 514 758 592 occupaverit,
790 520 950 592 utrumque
971 531 1087 576 marem

118 602 214 669 nasci,
236 602 261 660 si
277 599 397 677 frigidas
414 616 520 675 aeque,
544 606 699 677 utramque
714 599 867 667 feminam,
885 600 910 657 si
926 616 998 659 vero
1015 596 1088 660 alte·

119 702 185 744 rum
201 682 382 752 calidiorem,
400 683 524 744 alterum
541 683 734 759 frigidiorem,
752 683 862 762 dispari
876 700 951 743 sexu
966 690 1118 762 partums

119 767 261 828 futurum.

86 858 104 916 7
186 852 326 932 Superest
349 852 448 913 dicere
468 853 504 913 de
520 850 704 928 temporibus
720 850 828 929 quibus
848 857 951 929 partus
973 849 1091 912 soleant

120 954 184 998 esse
205 936 242 997 ad
264 937 445 997 nascendum
465 938 586 1004 maturi;
610 936 660 1014 qui
680 934 763 995 locus
785 953 820 995 eo
841 934 913 994 mibi
936 951 1011 995 cura
1026 952 1088 995 ma·

121 1024 183 1081 iore
199 1021 370 1081 tractandus
392 1028 451 1089 est,
475 1019 551 1098 quod
569 1020 712 1098 quaedam
728 1037 851 1080 necesse
873 1025 917 1079 est
932 1018 970 1079 de
992 1028 1089 1080 astro·

120 1104 196 1183 logia
212 1106 383 1185 musicaque
399 1115 427 1165 et
443 1102 624 1164 arithmetica
641 1105 796 1180 attingere.
1106 1114 1129 1165 1t

87 1199 102 1247 2
184 1189 245 1249 lam
261 1190 388 1267 primum
407 1195 495 1266 quoto
511 1195 578 1266 post
594 1188 818 1267 conceptionem
834 1196 935 1249 men'se
958 1187 1090 1250 infantes

121 1274 168 1335 edi
189 1272 317 1342 soleant,
350 1273 522 1350 frequenter
544 1273 682 1349 agitatum
709 1274 786 1333 inter
813 1280 928 1333 veteres
953 1272 1091 1334 nondum

122 1359 267 1418 convenit.
312 1358 430 1435 Hippon
451 1356 668 1435 Metapontinos
694 1374 710 1416 a
732 1357 857 1435 septimo
879 1357 916 1416 ad
938 1355 1089 1417 decimum

121 1459 254 1503 mensem
269 1442 350 1503 nasci
365 1459 451 1519 posse
467 1443 638 1503 aestimavit.
669 1459 738 1501 nam
754 1442 879 1519 septimo
894 1447 1014 1518 partum
1030 1443 1090 1502 iam

122 1545 187 1586 esse
202 1535 351 1588 maturum
373 1526 504 1604 eoquod
523 1527 555 1585 in
580 1523 717 1585 omnibus
738 1542 880 1585 numerus
902 1527 1091 1602 septenarius
1108 1536 1129 1584 lt

121 1609 281 1689 plurimum
302 1612 409 1688 possit,
440 1610 582 1687 siquidem
606 1615 719 1688 septem
740 1608 904 1670 formemur
925 1608 1090 1680 mensibus

122 1694 288 1771 additisque
319 1693 418 1754 alteris
446 1695 520 1753 recti
550 1695 711 1754 consistere
740 1694 932 1772 incipiamus,
965 1699 993 1753 et
1023 1699 1093 1772 post

122 1779 278 1857 septimum
307 1795 440 1838 mensem
468 1777 572 1838 dentes
599 1777 685 1838 nobis
711 1778 917 1846 innascantur,
948 1777 1091 1857 idemque

122 1870 190 1942 post
209 1862 367 1942 septimum
388 1862 493 1922 cadant
514 1879 639 1931 annum,
667 1862 903 1940 quartodecimo
919 1867 1019 1922 autem
1036 1879 1091 1942 pu·

88 1959 103 2005 3
122 1947 246 2008 bescere
261 1946 417 2008 soleamus.
449 1947 501 2008 sed
517 1946 594 2007 hanc
610 1965 626 2006 a
642 1952 754 2024 septem
771 1945 925 2006 mensibus
946 1945 1091 2024 incipien-
1108 1956 1129 2005 et

123 2038 181 2091 tem
202 2032 400 2090 maturitatem
423 2030 573 2108 usquead
595 2029 698 2089 decem
720 2031 893 2107 perductam
919 2029 987 2090 ideo
1009 2029 1091 2108 quod

122 2119 152 2175 iu
168 2112 231 2176 aliis
247 2113 386 2175 omnibus
401 2113 476 2174 haec
491 2114 593 2174 cadem
610 2120 715 2173 natura
731 2124 783 2185 est,
802 2124 834 2174 ut
848 2120 962 2192 septem
978 2115 1091 2175 mensi·

122 2198 179 2259 bus
194 2200 314 2259 anubve
330 2204 390 2258 tres
406 2206 456 2258 aut
471 2215 586 2258 menses
602 2204 652 2258 aut
667 2199 735 2257 anni
751 2199 787 2259 ed
804 2199 1090 2259 consummationem

88 2294 105 2339 4
124 2284 279 2345 accedant:
309 2301 377 2343 nam
405 2282 508 2343 dentes
529 2290 642 2360 septem
663 2299 800 2344 mensum
825 2281 931 2342 infanti
951 2284 1035 2342 nasci
1062 2290 1092 2343 et

123 2370 249 2428 maxime
270 2368 384 2427 decimo
400 2367 502 2443 perfici
518 2385 635 2436 mense,
660 2367 785 2443 septimo
806 2383 883 2425 anno
904 2367 1019 2444 primos
1041 2376 1129 2427 eorl

122 2469 189 2511 rum
211 2450 362 2520 excidere,
393 2449 509 2510 decimo
529 2450 661 2518 ultimos,
692 2456 760 2528 post
782 2457 919 2529 quartum
941 2449 1091 2511 decimum

123 2552 233 2595 anuum
259 2532 432 2603 nonnullos,
460 2533 512 2595 sed
533 2552 636 2594 omnes
663 2534 739 2593 intra
763 2536 920 2614 septimum
940 2535 1091 2596 decimum

124 2636 234 2680 annum
256 2618 430 2696 pubescere.
468 2617 537 2678 huic
557 2619 689 2697 opinioni
716 2620 747 2677 iu
771 2627 854 2696 parte
876 2618 973 2698 aliqua
998 2637 1090 2697 repu-

90 2710 215 2782 ngnant
242 2702 303 2771 alii,
334 2706 365 2762 in
391 2710 475 2781 parte
501 2704 698 2764 consentiunt.
745 2720 812 2763 nam
840 2704 965 2782 septimo
985 2721 1092 2764 mense

124 2870 324 2880 *-

192 2973 215 3020 1.
240 2970 405 3035 empedocles
427 2971 455 3019 V
519 2972 542 3020 2.
561 2971 660 3035 partiri
676 2971 781 3028 Ictinos,
800 2983 907 3035 pannem
925 2970 991 3030 DV,
1010 2970 1097 3035 periri

127 3037 166 3087 V²
187 3041 214 3087 in
236 3054 315 3102 marp.
385 3039 409 3086 6.
429 3038 629 3101 postfuturum
647 3039 702 3087 DV
722 3041 783 3088 cdd.
806 3036 837 3088 be
861 3050 1092 3090 conrrnmarroue

123 3151 220 3191 aurem
232 3153 339 3203 pennus
352 3108 536 3188 Ηιιῑιῐῖηῃίῃ118
554 3103 585 3168 (d
597 3105 642 3202 V),
663 3156 727 3205 quoe
742 3141 874 3204 pertinent
893 3141 929 3189 od
945 3155 1004 3204 cap.
1018 3144 1044 3204 5,
1059 3145 1092 3198 5,·

123 3214 173 3257 tum
194 3213 335 3272 sequuntur
356 3222 392 3256 eac
414 3222 472 3269 cap.
491 3209 538 3270 14,
559 3211 574 3255 7
600 3209 630 3255 in
652 3209 741 3272 prima
764 3206 935 3257 hebdomade
957 3222 1036 3273 oeque
1055 3210 1094 3259 od

123 3291 181 3338 cap.
200 3276 270 3336 17,9
288 3278 371 3324 noete
390 3274 564 3337 frequentee3
589 3277 697 3341 donique
716 3277 783 3325 redit
801 3278 933 3338 scriptura
950 3276 986 3325 ad
1001 3290 1061 3339 cap.
1077 3280 1093 3325 7

123 3344 178 3391 init.
204 3345 330 3407 superest
353 3341 448 3391 dicere
467 3347 516 3391 cet.
587 3345 627 3394 10.
657 3343 802 3408 adtingere
831 3342 859 3391 V
924 3344 964 3391 11.
988 3357 1092 3393 eonce-

123 3424 222 3475 purone
246 3410 271 3458 D
341 3411 381 3463 13.
405 3409 516 3473 hyppon
543 3410 570 3457 V
635 3413 675 3461 20.
699 3411 771 3461 huuc
794 3411 819 3458 Ι)
887 3410 930 3462 24.
947 3424 1092 3461 mensuum

124 3479 150 3540 d,
168 3477 303 3527 mensium
325 3478 350 3527 V
418 3478 459 3529 25.
477 3488 583 3541 primus
602 3477 627 3525 D
696 3478 925 3528 26.uarrmus1)
