<?xml version="1.0" encoding="UTF-8"?>
<!DOCTYPE html PUBLIC "-//W3C//DTD XHTML 1.0 Transitional//EN"
    "http://www.w3.org/TR/xhtml1/DTD/xhtml1-transitional.dtd">
<html xmlns="http://www.w3.org/1999/xhtml" xml:lang="en" lang="en">
 <head>
  <title>
</title>
<meta http-equiv="Content-Type" content="text/html;charset=utf-8" />
  <meta name='ocr-system' content='tesseract 3.04.00' />
  <meta name='ocr-capabilities' content='ocr_page ocr_carea ocr_par ocr_line ocrx_word'/>
</head>
<body>
  <div class='ocr_page' id='page_1' title='image "./censorinidedien02censgoog_0079.png"; bbox 0 0 2400 3848; ppageno 0'>
   <div class='ocr_carea' id='block_1_1' title="bbox 135 175 817 240">
    <p class='ocr_par' dir='ltr' id='par_1_1' title="bbox 135 175 817 240">
     <span class='ocr_line' id='line_1_1' title="bbox 135 175 817 240; baseline -0.009 0"><span class='ocrx_word' id='word_1_1' title='bbox 135 175 176 240; x_wconf 88' lang='grc'>66</span> <span class='ocrx_word' id='word_1_2' title='bbox 421 187 627 236; x_wconf 75' lang='lat' dir='ltr'>renaudum</span> <span class='ocrx_word' id='word_1_3' title='bbox 651 185 726 235; x_wconf 78' lang='lat' dir='ltr'>cur.</span> <span class='ocrx_word' id='word_1_4' title='bbox 742 187 817 235; x_wconf 84' lang='lat' dir='ltr'>xm.</span> 
     </span>
    </p>
   </div>
   <div class='ocr_carea' id='block_1_2' title="bbox 100 325 1150 1657">
    <p class='ocr_par' dir='ltr' id='par_1_2' title="bbox 100 325 1150 1318">
     <span class='ocr_line' id='line_1_2' title="bbox 100 325 1107 390; baseline -0.004 -1"><span class='ocrx_word' id='word_1_5' title='bbox 100 340 118 389; x_wconf 83' lang='lat'>4</span> <span class='ocrx_word' id='word_1_6' title='bbox 199 328 446 390; x_wconf 83' lang='lat' dir='ltr'>Animadvertisso</span> <span class='ocrx_word' id='word_1_7' title='bbox 474 327 603 389; x_wconf 80' lang='lat' dir='ltr'>chordae</span> <span class='ocrx_word' id='word_1_8' title='bbox 624 327 757 387; x_wconf 86' lang='lat' dir='ltr'>sonantis</span> <span class='ocrx_word' id='word_1_9' title='bbox 775 325 955 386; x_wconf 70' lang='lat' dir='ltr'>&#39;suavitatem</span> <span class='ocrx_word' id='word_1_10' title='bbox 976 326 1006 386; x_wconf 92' lang='lat' dir='ltr'>in</span> <span class='ocrx_word' id='word_1_11' title='bbox 1034 343 1107 386; x_wconf 89' lang='lat' dir='ltr'>arcu</span> 
     </span>
     <span class='ocr_line' id='line_1_3' title="bbox 140 410 1107 495; baseline -0.001 -23"><span class='ocrx_word' id='word_1_12' title='bbox 140 411 282 495; x_wconf 90' lang='lat' dir='ltr'>[sororis]</span> <span class='ocrx_word' id='word_1_13' title='bbox 299 411 465 492; x_wconf 80' lang='lat' dir='ltr'>Apollinem</span> <span class='ocrx_word' id='word_1_14' title='bbox 484 412 605 473; x_wconf 87' lang='lat' dir='ltr'>tradunt</span> <span class='ocrx_word' id='word_1_15' title='bbox 626 419 655 473; x_wconf 92' lang='lat' dir='ltr'>et</span> <span class='ocrx_word' id='word_1_16' title='bbox 676 410 839 472; x_wconf 81' lang='lat' dir='ltr'>intendisse</span> <span class='ocrx_word' id='word_1_17' title='bbox 854 411 991 488; x_wconf 89' lang='lat' dir='ltr'>protinus</span> <span class='ocrx_word' id='word_1_18' title='bbox 1013 410 1107 471; x_wconf 89' lang='lat' dir='ltr'>citha·</span> 
     </span>
     <span class='ocr_line' id='line_1_4' title="bbox 135 494 1105 577; baseline -0.004 -18"><span class='ocrx_word' id='word_1_19' title='bbox 135 515 214 569; x_wconf 89' lang='lat' dir='ltr'>ram,</span> <span class='ocrx_word' id='word_1_20' title='bbox 240 506 302 559; x_wconf 84' lang='lat' dir='ltr'>tum</span> <span class='ocrx_word' id='word_1_21' title='bbox 319 504 436 558; x_wconf 88' lang='lat' dir='ltr'>notasse</span> <span class='ocrx_word' id='word_1_22' title='bbox 453 496 530 577; x_wconf 90' lang='lat' dir='ltr'>quod</span> <span class='ocrx_word' id='word_1_23' title='bbox 548 496 734 557; x_wconf 88' lang='lat' dir='ltr'>adstrictiora</span> <span class='ocrx_word' id='word_1_24' title='bbox 749 494 797 556; x_wconf 87' lang='lat' dir='ltr'>iila</span> <span class='ocrx_word' id='word_1_25' title='bbox 812 512 972 556; x_wconf 88' lang='lat' dir='ltr'>nervorum</span> <span class='ocrx_word' id='word_1_26' title='bbox 988 496 1018 555; x_wconf 92' lang='lat' dir='ltr'>in</span> <span class='ocrx_word' id='word_1_27' title='bbox 1036 512 1105 555; x_wconf 89' lang='lat' dir='ltr'>acu·</span> 
     </span>
     <span class='ocr_line' id='line_1_5' title="bbox 135 579 1107 660; baseline -0.004 -17"><span class='ocrx_word' id='word_1_28' title='bbox 135 601 205 643; x_wconf 89' lang='lat' dir='ltr'>men</span> <span class='ocrx_word' id='word_1_29' title='bbox 227 583 444 651; x_wconf 80' lang='lat' dir='ltr'>excitarentur,</span> <span class='ocrx_word' id='word_1_30' title='bbox 473 581 611 660; x_wconf 85' lang='lat' dir='ltr'>gravibus</span> <span class='ocrx_word' id='word_1_31' title='bbox 631 579 849 660; x_wconf 82' lang='lat' dir='ltr'>responderent</span> <span class='ocrx_word' id='word_1_32' title='bbox 870 580 1009 648; x_wconf 89' lang='lat' dir='ltr'>remissa,</span> <span class='ocrx_word' id='word_1_33' title='bbox 1038 579 1107 640; x_wconf 89' lang='lat' dir='ltr'>iude</span> 
     </span>
     <span class='ocr_line' id='line_1_6' title="bbox 136 664 1143 745; baseline -0.007 -18"><span class='ocrx_word' id='word_1_34' title='bbox 136 667 241 728; x_wconf 87' lang='lat' dir='ltr'>iecisse</span> <span class='ocrx_word' id='word_1_35' title='bbox 270 674 330 727; x_wconf 89' lang='lat' dir='ltr'>tres</span> <span class='ocrx_word' id='word_1_36' title='bbox 351 668 463 745; x_wconf 91' lang='lat' dir='ltr'>primos</span> <span class='ocrx_word' id='word_1_37' title='bbox 489 666 526 727; x_wconf 92' lang='lat' dir='ltr'>de</span> <span class='ocrx_word' id='word_1_38' title='bbox 552 664 660 743; x_wconf 90' lang='lat' dir='ltr'>quibus</span> <span class='ocrx_word' id='word_1_39' title='bbox 686 682 776 743; x_wconf 90' lang='lat' dir='ltr'>supra</span> <span class='ocrx_word' id='word_1_40' title='bbox 803 665 913 726; x_wconf 89' lang='lat' dir='ltr'>dictum</span> <span class='ocrx_word' id='word_1_41' title='bbox 942 671 999 724; x_wconf 90' lang='lat' dir='ltr'>est:</span> <span class='ocrx_word' id='word_1_42' title='bbox 1029 664 1143 724; x_wconf 75' lang='lat' dir='ltr'>haheo</span> 
     </span>
     <span class='ocr_line' id='line_1_7' title="bbox 136 747 1107 830; baseline -0.003 -18"><span class='ocrx_word' id='word_1_43' title='bbox 136 752 288 829; x_wconf 82' lang='lat' dir='ltr'>excepisse</span> <span class='ocrx_word' id='word_1_44' title='bbox 309 752 504 812; x_wconf 88' lang='lat' dir='ltr'>intentionem</span> <span class='ocrx_word' id='word_1_45' title='bbox 528 750 686 830; x_wconf 89' lang='lat' dir='ltr'>Lycorem,</span> <span class='ocrx_word' id='word_1_46' title='bbox 713 767 802 828; x_wconf 91' lang='lat' dir='ltr'>quem</span> <span class='ocrx_word' id='word_1_47' title='bbox 824 749 942 828; x_wconf 89' lang='lat' dir='ltr'>quidam</span> <span class='ocrx_word' id='word_1_48' title='bbox 962 747 1107 827; x_wconf 77' lang='lat' dir='ltr'>Apollinis</span> 
     </span>
     <span class='ocr_line' id='line_1_8' title="bbox 136 833 1107 914; baseline -0.003 -18"><span class='ocrx_word' id='word_1_49' title='bbox 136 836 227 896; x_wconf 86' lang='lat' dir='ltr'>lilium</span> <span class='ocrx_word' id='word_1_50' title='bbox 248 835 370 895; x_wconf 84' lang='lat' dir='ltr'>tradunt</span> <span class='ocrx_word' id='word_1_51' title='bbox 397 844 426 896; x_wconf 89' lang='lat' dir='ltr'>et</span> <span class='ocrx_word' id='word_1_52' title='bbox 446 835 593 914; x_wconf 88' lang='lat' dir='ltr'>nymphae</span> <span class='ocrx_word' id='word_1_53' title='bbox 612 833 802 904; x_wconf 87' lang='lat' dir='ltr'>Paramcsae,</span> <span class='ocrx_word' id='word_1_54' title='bbox 833 856 847 894; x_wconf 71' lang='lat' dir='ltr'>e</span> <span class='ocrx_word' id='word_1_55' title='bbox 870 833 1107 912; x_wconf 84' lang='lat' dir='ltr'>Chrysothemidi</span> 
     </span>
     <span class='ocr_line' id='line_1_9' title="bbox 135 918 1107 1000; baseline -0.005 -18"><span class='ocrx_word' id='word_1_56' title='bbox 135 921 305 1000; x_wconf 91' lang='lat' dir='ltr'>reliquisse:</span> <span class='ocrx_word' id='word_1_57' title='bbox 329 919 365 981; x_wconf 94' lang='lat' dir='ltr'>ab</span> <span class='ocrx_word' id='word_1_58' title='bbox 388 939 423 980; x_wconf 94' lang='lat' dir='ltr'>eo</span> <span class='ocrx_word' id='word_1_59' title='bbox 444 920 614 982; x_wconf 86' lang='lat' dir='ltr'>adiunctum</span> <span class='ocrx_word' id='word_1_60' title='bbox 630 918 751 980; x_wconf 88' lang='lat' dir='ltr'>modum</span> <span class='ocrx_word' id='word_1_61' title='bbox 768 921 819 998; x_wconf 82' lang='lat' dir='ltr'>qui</span> <span class='ocrx_word' id='word_1_62' title='bbox 839 933 1048 998; x_wconf 89' lang='lat' dir='ltr'>synemmenos</span> <span class='ocrx_word' id='word_1_63' title='bbox 1063 918 1107 977; x_wconf 94' lang='lat' dir='ltr'>di-</span> 
     </span>
     <span class='ocr_line' id='line_1_10' title="bbox 137 1003 1108 1082; baseline -0.002 -17"><span class='ocrx_word' id='word_1_64' title='bbox 137 1007 226 1066; x_wconf 88' lang='lat' dir='ltr'>citur:</span> <span class='ocrx_word' id='word_1_65' title='bbox 265 1004 346 1065; x_wconf 90' lang='lat' dir='ltr'>hunc</span> <span class='ocrx_word' id='word_1_66' title='bbox 375 1021 533 1066; x_wconf 87' lang='lat' dir='ltr'>numerum</span> <span class='ocrx_word' id='word_1_67' title='bbox 563 1005 678 1065; x_wconf 83' lang='lat' dir='ltr'>auxisse</span> <span class='ocrx_word' id='word_1_68' title='bbox 705 1003 910 1082; x_wconf 84' lang='lat' dir='ltr'>Terpondrum</span> <span class='ocrx_word' id='word_1_69' title='bbox 942 1003 1108 1064; x_wconf 79' lang='lat' dir='ltr'>adiectione</span> 
     </span>
     <span class='ocr_line' id='line_1_11' title="bbox 137 1087 1150 1168; baseline -0.006 -18"><span class='ocrx_word' id='word_1_70' title='bbox 137 1090 363 1167; x_wconf 86' lang='lat' dir='ltr'>diezeugmenu,</span> <span class='ocrx_word' id='word_1_71' title='bbox 388 1091 438 1168; x_wconf 94' lang='lat' dir='ltr'>qui</span> <span class='ocrx_word' id='word_1_72' title='bbox 451 1090 566 1167; x_wconf 89' lang='lat' dir='ltr'>primus</span> <span class='ocrx_word' id='word_1_73' title='bbox 582 1107 598 1150; x_wconf 91' lang='lat' dir='ltr'>a</span> <span class='ocrx_word' id='word_1_74' title='bbox 613 1087 751 1167; x_wconf 80' lang='lat' dir='ltr'>gravibus</span> <span class='ocrx_word' id='word_1_75' title='bbox 765 1090 796 1146; x_wconf 91' lang='lat' dir='ltr'>in</span> <span class='ocrx_word' id='word_1_76' title='bbox 812 1103 935 1149; x_wconf 80' lang='lat' dir='ltr'>acumen</span> <span class='ocrx_word' id='word_1_77' title='bbox 952 1088 1105 1148; x_wconf 87' lang='lat' dir='ltr'>avertitur.</span> <span class='ocrx_word' id='word_1_78' title='bbox 1126 1095 1150 1144; x_wconf 77' lang='lat'>1(</span> 
     </span>
     <span class='ocr_line' id='line_1_12' title="bbox 137 1171 1107 1252; baseline -0.003 -18"><span class='ocrx_word' id='word_1_79' title='bbox 137 1175 243 1235; x_wconf 89' lang='lat' dir='ltr'>delude</span> <span class='ocrx_word' id='word_1_80' title='bbox 264 1172 437 1234; x_wconf 87' lang='lat' dir='ltr'>Timotheus</span> <span class='ocrx_word' id='word_1_81' title='bbox 461 1172 572 1234; x_wconf 90' lang='lat' dir='ltr'>addidit</span> <span class='ocrx_word' id='word_1_82' title='bbox 593 1173 680 1242; x_wconf 84' lang='lat' dir='ltr'>duos,</span> <span class='ocrx_word' id='word_1_83' title='bbox 710 1189 886 1249; x_wconf 88' lang='lat' dir='ltr'>paramesen</span> <span class='ocrx_word' id='word_1_84' title='bbox 909 1178 937 1232; x_wconf 93' lang='lat' dir='ltr'>et</span> <span class='ocrx_word' id='word_1_85' title='bbox 957 1171 1107 1252; x_wconf 83' lang='lat' dir='ltr'>hyperbo-</span> 
     </span>
     <span class='ocr_line' id='line_1_13' title="bbox 137 1258 1075 1318; baseline -0.001 -2"><span class='ocrx_word' id='word_1_86' title='bbox 137 1258 232 1318; x_wconf 88' lang='lat' dir='ltr'>laeon.</span> <span class='ocrx_word' id='word_1_87' title='bbox 1072 1283 1075 1292; x_wconf 59' lang='lat'><strong><em>¹</em></strong></span> 
     </span>
    </p>

    <p class='ocr_par' dir='ltr' id='par_1_3' title="bbox 103 1338 1150 1588">
     <span class='ocr_line' id='line_1_14' title="bbox 103 1338 1107 1411; baseline -0.003 -8"><span class='ocrx_word' id='word_1_88' title='bbox 103 1338 119 1387; x_wconf 82' lang='lat'><strong>5</strong></span> <span class='ocrx_word' id='word_1_89' title='bbox 200 1341 317 1403; x_wconf 86' lang='lat' dir='ltr'>luitium</span> <span class='ocrx_word' id='word_1_90' title='bbox 333 1341 412 1401; x_wconf 92' lang='lat' dir='ltr'>modi</span> <span class='ocrx_word' id='word_1_91' title='bbox 429 1342 537 1402; x_wconf 88' lang='lat' dir='ltr'>dicitur</span> <span class='ocrx_word' id='word_1_92' title='bbox 552 1341 650 1409; x_wconf 92' lang='lat' dir='ltr'>diesis,</span> <span class='ocrx_word' id='word_1_93' title='bbox 670 1341 823 1401; x_wconf 89' lang='lat' dir='ltr'>dimidium</span> <span class='ocrx_word' id='word_1_94' title='bbox 839 1342 1044 1411; x_wconf 84' lang='lat' dir='ltr'>semitonium,</span> <span class='ocrx_word' id='word_1_95' title='bbox 1061 1349 1107 1401; x_wconf 88' lang='lat' dir='ltr'>to-</span> 
     </span>
     <span class='ocr_line' id='line_1_15' title="bbox 137 1425 1106 1496; baseline -0.001 -10"><span class='ocrx_word' id='word_1_96' title='bbox 137 1435 199 1487; x_wconf 89' lang='lat' dir='ltr'>tum</span> <span class='ocrx_word' id='word_1_97' title='bbox 216 1433 310 1487; x_wconf 90' lang='lat' dir='ltr'>tonos.</span> <span class='ocrx_word' id='word_1_98' title='bbox 344 1427 406 1487; x_wconf 93' lang='lat' dir='ltr'>toni</span> <span class='ocrx_word' id='word_1_99' title='bbox 421 1427 479 1487; x_wconf 91' lang='lat' dir='ltr'>duo</span> <span class='ocrx_word' id='word_1_100' title='bbox 504 1433 532 1487; x_wconf 89' lang='lat' dir='ltr'>et</span> <span class='ocrx_word' id='word_1_101' title='bbox 547 1426 684 1487; x_wconf 90' lang='lat' dir='ltr'>dimidius</span> <span class='ocrx_word' id='word_1_102' title='bbox 707 1425 887 1487; x_wconf 88' lang='lat' dir='ltr'>diatessaron</span> <span class='ocrx_word' id='word_1_103' title='bbox 903 1426 1106 1496; x_wconf 87' lang='lat' dir='ltr'>nominantur,</span> 
     </span>
     <span class='ocr_line' id='line_1_16' title="bbox 137 1510 1150 1588; baseline -0.002 -18"><span class='ocrx_word' id='word_1_104' title='bbox 137 1523 198 1572; x_wconf 89' lang='lat' dir='ltr'>tres</span> <span class='ocrx_word' id='word_1_105' title='bbox 214 1518 243 1573; x_wconf 89' lang='lat' dir='ltr'>et</span> <span class='ocrx_word' id='word_1_106' title='bbox 259 1510 396 1572; x_wconf 87' lang='lat' dir='ltr'>dimidius</span> <span class='ocrx_word' id='word_1_107' title='bbox 412 1511 565 1588; x_wconf 87' lang='lat' dir='ltr'>diapente,</span> <span class='ocrx_word' id='word_1_108' title='bbox 582 1528 633 1572; x_wconf 87' lang='lat' dir='ltr'>sex</span> <span class='ocrx_word' id='word_1_109' title='bbox 650 1510 800 1588; x_wconf 87' lang='lat' dir='ltr'>diapason.</span> <span class='ocrx_word' id='word_1_110' title='bbox 1126 1519 1150 1568; x_wconf 74' lang='lat' dir='ltr'>la</span> 
     </span>
    </p>

    <p class='ocr_par' dir='ltr' id='par_1_4' title="bbox 199 1596 645 1657">
     <span class='ocr_line' id='line_1_17' title="bbox 199 1596 645 1657; baseline -0.004 0"><span class='ocrx_word' id='word_1_111' title='bbox 199 1596 279 1657; x_wconf 88' lang='lat' dir='ltr'>Haec</span> <span class='ocrx_word' id='word_1_112' title='bbox 294 1597 423 1656; x_wconf 85' lang='lat' dir='ltr'>musicae</span> <span class='ocrx_word' id='word_1_113' title='bbox 439 1613 553 1656; x_wconf 89' lang='lat' dir='ltr'>summa</span> <span class='ocrx_word' id='word_1_114' title='bbox 569 1603 645 1655; x_wconf 88' lang='lat' dir='ltr'>sunt.</span> 
     </span>
    </p>
   </div>
   <div class='ocr_carea' id='block_1_3' title="bbox 86 1794 885 1855">
    <p class='ocr_par' dir='ltr' id='par_1_5' title="bbox 86 1794 885 1855">
     <span class='ocr_line' id='line_1_18' title="bbox 86 1794 885 1855; baseline 0.005 -11"><span class='ocrx_word' id='word_1_115' title='bbox 86 1795 121 1855; x_wconf 77' lang='lat'>13</span> <span class='ocrx_word' id='word_1_116' title='bbox 348 1796 397 1845; x_wconf 78' lang='lat' dir='ltr'>DE</span> <span class='ocrx_word' id='word_1_117' title='bbox 415 1795 548 1847; x_wconf 84' lang='lat' dir='ltr'>METRIS</span> <span class='ocrx_word' id='word_1_118' title='bbox 566 1796 607 1846; x_wconf 91' lang='lat' dir='ltr'>ID</span> <span class='ocrx_word' id='word_1_119' title='bbox 625 1794 693 1846; x_wconf 81' lang='lat' dir='ltr'>EST</span> <span class='ocrx_word' id='word_1_120' title='bbox 711 1796 885 1848; x_wconf 81' lang='lat' dir='ltr'><strong>NUMERIS.</strong></span> 
     </span>
    </p>
   </div>
   <div class='ocr_carea' id='block_1_4' title="bbox 102 1931 1150 2600">
    <p class='ocr_par' dir='ltr' id='par_1_6' title="bbox 102 1931 1150 2600">
     <span class='ocr_line' id='line_1_19' title="bbox 199 1931 1108 2002; baseline -0.001 -9"><span class='ocrx_word' id='word_1_121' title='bbox 199 1931 292 1993; x_wconf 89' lang='lat' dir='ltr'>lletra</span> <span class='ocrx_word' id='word_1_122' title='bbox 309 1933 431 2002; x_wconf 88' lang='lat' dir='ltr'>Graece,</span> <span class='ocrx_word' id='word_1_123' title='bbox 453 1933 555 1994; x_wconf 79' lang='lat' dir='ltr'>Latine</span> <span class='ocrx_word' id='word_1_124' title='bbox 577 1932 694 1994; x_wconf 87' lang='lat' dir='ltr'>numeri</span> <span class='ocrx_word' id='word_1_125' title='bbox 714 1939 865 1993; x_wconf 84' lang='lat' dir='ltr'>vocantur.</span> <span class='ocrx_word' id='word_1_126' title='bbox 897 1949 1039 1993; x_wconf 88' lang='lat' dir='ltr'>numerus</span> <span class='ocrx_word' id='word_1_127' title='bbox 1062 1940 1108 1993; x_wconf 90' lang='lat' dir='ltr'>est</span> 
     </span>
     <span class='ocr_line' id='line_1_20' title="bbox 137 2015 1107 2096; baseline 0.002 -19"><span class='ocrx_word' id='word_1_128' title='bbox 137 2016 303 2095; x_wconf 87' lang='lat' dir='ltr'>aequalium</span> <span class='ocrx_word' id='word_1_129' title='bbox 325 2016 433 2095; x_wconf 90' lang='lat' dir='ltr'>pedum</span> <span class='ocrx_word' id='word_1_130' title='bbox 455 2015 584 2094; x_wconf 83' lang='lat' dir='ltr'>legitima</span> <span class='ocrx_word' id='word_1_131' title='bbox 605 2017 760 2078; x_wconf 84' lang='lat' dir='ltr'>ordinatio.</span> <span class='ocrx_word' id='word_1_132' title='bbox 791 2017 880 2077; x_wconf 85' lang='lat' dir='ltr'>huius</span> <span class='ocrx_word' id='word_1_133' title='bbox 899 2035 969 2096; x_wconf 92' lang='lat' dir='ltr'>pars</span> <span class='ocrx_word' id='word_1_134' title='bbox 989 2017 1107 2094; x_wconf 85' lang='lat' dir='ltr'>integra</span> 
     </span>
     <span class='ocr_line' id='line_1_21' title="bbox 135 2099 1150 2180; baseline 0 -18"><span class='ocrx_word' id='word_1_135' title='bbox 135 2119 204 2180; x_wconf 89' lang='lat' dir='ltr'>pes;</span> <span class='ocrx_word' id='word_1_136' title='bbox 226 2106 325 2178; x_wconf 90' lang='lat' dir='ltr'>partes</span> <span class='ocrx_word' id='word_1_137' title='bbox 346 2107 416 2160; x_wconf 88' lang='lat' dir='ltr'>sunt</span> <span class='ocrx_word' id='word_1_138' title='bbox 431 2100 540 2179; x_wconf 89' lang='lat' dir='ltr'>pedum</span> <span class='ocrx_word' id='word_1_139' title='bbox 561 2099 702 2179; x_wconf 79' lang='lat' dir='ltr'>syllabae,</span> <span class='ocrx_word' id='word_1_140' title='bbox 728 2100 872 2162; x_wconf 88' lang='lat' dir='ltr'>elementa</span> <span class='ocrx_word' id='word_1_141' title='bbox 893 2117 1106 2172; x_wconf 89' lang='lat' dir='ltr'>numerorum;</span> <span class='ocrx_word' id='word_1_142' title='bbox 1125 2113 1150 2162; x_wconf 81' lang='lat'>2&lt;</span> 
     </span>
     <span class='ocr_line' id='line_1_22' title="bbox 102 2183 1107 2265; baseline 0.003 -20"><span class='ocrx_word' id='word_1_143' title='bbox 102 2197 118 2245; x_wconf 80' lang='lat'>2</span> <span class='ocrx_word' id='word_1_144' title='bbox 136 2185 293 2245; x_wconf 90' lang='lat' dir='ltr'>modorum</span> <span class='ocrx_word' id='word_1_145' title='bbox 317 2183 462 2246; x_wconf 85' lang='lat' dir='ltr'>elementa</span> <span class='ocrx_word' id='word_1_146' title='bbox 478 2185 570 2262; x_wconf 90' lang='lat' dir='ltr'>spatia</span> <span class='ocrx_word' id='word_1_147' title='bbox 586 2183 762 2263; x_wconf 77' lang='lat' dir='ltr'>syllabarum</span> <span class='ocrx_word' id='word_1_148' title='bbox 786 2204 820 2246; x_wconf 94' lang='lat' dir='ltr'>ac</span> <span class='ocrx_word' id='word_1_149' title='bbox 838 2193 982 2265; x_wconf 89' lang='lat' dir='ltr'>tempora.</span> <span class='ocrx_word' id='word_1_150' title='bbox 1013 2187 1107 2264; x_wconf 87' lang='lat' dir='ltr'>pedes</span> 
     </span>
     <span class='ocr_line' id='line_1_23' title="bbox 137 2267 1106 2350; baseline 0.002 -20"><span class='ocrx_word' id='word_1_151' title='bbox 137 2276 345 2348; x_wconf 89' lang='lat' dir='ltr'>conponuntur</span> <span class='ocrx_word' id='word_1_152' title='bbox 364 2287 398 2329; x_wconf 85' lang='lat' dir='ltr'>ex</span> <span class='ocrx_word' id='word_1_153' title='bbox 414 2267 534 2348; x_wconf 81' lang='lat' dir='ltr'>syllabis</span> <span class='ocrx_word' id='word_1_154' title='bbox 549 2270 702 2331; x_wconf 87' lang='lat' dir='ltr'>minimum</span> <span class='ocrx_word' id='word_1_155' title='bbox 719 2269 804 2342; x_wconf 90' lang='lat' dir='ltr'>binis,</span> <span class='ocrx_word' id='word_1_156' title='bbox 821 2269 980 2350; x_wconf 88' lang='lat' dir='ltr'>plurimum</span> <span class='ocrx_word' id='word_1_157' title='bbox 997 2273 1106 2338; x_wconf 80' lang='lat' dir='ltr'>ternis:</span> 
     </span>
     <span class='ocr_line' id='line_1_24' title="bbox 135 2353 1107 2434; baseline 0.001 -19"><span class='ocrx_word' id='word_1_158' title='bbox 135 2355 279 2433; x_wconf 89' lang='lat' dir='ltr'>incipiunt</span> <span class='ocrx_word' id='word_1_159' title='bbox 301 2353 484 2431; x_wconf 86' lang='lat' dir='ltr'>temporibus</span> <span class='ocrx_word' id='word_1_160' title='bbox 497 2353 588 2424; x_wconf 91' lang='lat' dir='ltr'>binis,</span> <span class='ocrx_word' id='word_1_161' title='bbox 611 2354 646 2415; x_wconf 92' lang='lat' dir='ltr'>ad</span> <span class='ocrx_word' id='word_1_162' title='bbox 663 2372 735 2415; x_wconf 86' lang='lat' dir='ltr'>sena</span> <span class='ocrx_word' id='word_1_163' title='bbox 755 2356 947 2433; x_wconf 88' lang='lat' dir='ltr'>perveniunt;</span> <span class='ocrx_word' id='word_1_164' title='bbox 972 2353 1107 2434; x_wconf 87' lang='lat' dir='ltr'>bisyllabi</span> 
     </span>
     <span class='ocr_line' id='line_1_25' title="bbox 135 2435 1107 2519; baseline 0.001 -20"><span class='ocrx_word' id='word_1_165' title='bbox 135 2445 288 2519; x_wconf 91' lang='lat' dir='ltr'>quattuor,</span> <span class='ocrx_word' id='word_1_166' title='bbox 319 2435 463 2516; x_wconf 89' lang='lat' dir='ltr'>trisyllabi</span> <span class='ocrx_word' id='word_1_167' title='bbox 490 2445 566 2498; x_wconf 91' lang='lat' dir='ltr'>octo.</span> <span class='ocrx_word' id='word_1_168' title='bbox 612 2437 713 2516; x_wconf 89' lang='lat' dir='ltr'>plures</span> <span class='ocrx_word' id='word_1_169' title='bbox 740 2457 826 2516; x_wconf 89' lang='lat' dir='ltr'>quam</span> <span class='ocrx_word' id='word_1_170' title='bbox 859 2437 1013 2500; x_wconf 89' lang='lat' dir='ltr'>duodecim</span> <span class='ocrx_word' id='word_1_171' title='bbox 1041 2457 1107 2500; x_wconf 83' lang='lat' dir='ltr'>esse</span> 
     </span>
     <span class='ocr_line' id='line_1_26' title="bbox 135 2528 1150 2600; baseline 0.001 -17"><span class='ocrx_word' id='word_1_172' title='bbox 135 2540 194 2583; x_wconf 93' lang='lat' dir='ltr'>non</span> <span class='ocrx_word' id='word_1_173' title='bbox 210 2528 345 2600; x_wconf 87' lang='lat' dir='ltr'>possunt.</span> <span class='ocrx_word' id='word_1_174' title='bbox 1124 2533 1150 2584; x_wconf 78' lang='lat' dir='ltr'>at</span> 
     </span>
    </p>
   </div>
   <div class='ocr_carea' id='block_1_5' title="bbox 74 2655 1108 3532">
    <p class='ocr_par' dir='ltr' id='par_1_7' title="bbox 131 2655 1108 3128">
     <span class='ocr_line' id='line_1_27' title="bbox 204 2655 1108 2719; baseline 0.007 -14"><span class='ocrx_word' id='word_1_175' title='bbox 204 2659 227 2706; x_wconf 88' lang='lat'>1.</span> <span class='ocrx_word' id='word_1_176' title='bbox 241 2655 473 2708; x_wconf 81' lang='lat' dir='ltr'>animadvertisse</span> <span class='ocrx_word' id='word_1_177' title='bbox 486 2655 604 2708; x_wconf 85' lang='lat' dir='ltr'>chordae</span> <span class='ocrx_word' id='word_1_178' title='bbox 617 2659 801 2719; x_wconf 79' lang='lat' dir='ltr'>Lachmanuus,</span> <span class='ocrx_word' id='word_1_179' title='bbox 821 2671 892 2709; x_wconf 70' lang='lat' dir='ltr'>erem</span> <span class='ocrx_word' id='word_1_180' title='bbox 911 2657 1043 2710; x_wconf 71' lang='lat' dir='ltr'>abusores</span> <span class='ocrx_word' id='word_1_181' title='bbox 1063 2675 1108 2711; x_wconf 74' lang='grc' dir='ltr'>εθ-</span> 
     </span>
     <span class='ocr_line' id='line_1_28' title="bbox 136 2723 1107 2789; baseline 0.003 -14"><span class='ocrx_word' id='word_1_182' title='bbox 136 2723 224 2775; x_wconf 80' lang='lat' dir='ltr'>curba</span> <span class='ocrx_word' id='word_1_183' title='bbox 243 2723 308 2782; x_wconf 88' lang='lat' dir='ltr'>DV,</span> <span class='ocrx_word' id='word_1_184' title='bbox 334 2723 562 2776; x_wconf 82' lang='lat' dir='ltr'>animadvertisse</span> <span class='ocrx_word' id='word_1_185' title='bbox 585 2726 724 2775; x_wconf 81' lang='lat' dir='ltr'>secundae</span> <span class='ocrx_word' id='word_1_186' title='bbox 744 2726 884 2777; x_wconf 73' lang='lat' dir='ltr'>Urlichsius</span> <span class='ocrx_word' id='word_1_187' title='bbox 904 2725 968 2789; x_wconf 83' lang='lat' dir='ltr'>(Eos</span> <span class='ocrx_word' id='word_1_188' title='bbox 985 2726 1023 2776; x_wconf 90' lang='lat' dir='ltr'>II</span> <span class='ocrx_word' id='word_1_189' title='bbox 1039 2730 1107 2779; x_wconf 85' lang='grc'><strong>1866</strong></span> 
     </span>
     <span class='ocr_line' id='line_1_29' title="bbox 131 2788 1107 2859; baseline 0.005 -18"><span class='ocrx_word' id='word_1_190' title='bbox 131 2809 161 2858; x_wconf 88' lang='lat' dir='ltr'>p.</span> <span class='ocrx_word' id='word_1_191' title='bbox 179 2788 240 2855; x_wconf 68' lang='lat' dir='ltr'>loo)</span> <span class='ocrx_word' id='word_1_192' title='bbox 310 2791 460 2842; x_wconf 79' lang='lat' dir='ltr'>suavitatis</span> <span class='ocrx_word' id='word_1_193' title='bbox 482 2792 509 2842; x_wconf 90' lang='lat' dir='ltr'><em>V</em></span> <span class='ocrx_word' id='word_1_194' title='bbox 576 2808 642 2843; x_wconf 88' lang='lat' dir='ltr'>arcu</span> <span class='ocrx_word' id='word_1_195' title='bbox 666 2793 770 2844; x_wconf 85' lang='lat' dir='ltr'>sororis</span> <span class='ocrx_word' id='word_1_196' title='bbox 792 2793 817 2842; x_wconf 89' lang='lat' dir='ltr'><em>V</em></span> <span class='ocrx_word' id='word_1_197' title='bbox 838 2796 922 2859; x_wconf 79' lang='lat' dir='ltr'>culpo,</span> <span class='ocrx_word' id='word_1_198' title='bbox 946 2792 1107 2858; x_wconf 75' lang='lat' dir='ltr'>ancusloro</span> 
     </span>
     <span class='ocr_line' id='line_1_30' title="bbox 135 2859 1106 2925; baseline 0.005 -16"><span class='ocrx_word' id='word_1_199' title='bbox 135 2860 199 2925; x_wconf 79' lang='lat' dir='ltr'>(ono</span> <span class='ocrx_word' id='word_1_200' title='bbox 218 2860 244 2908; x_wconf 84' lang='lat' dir='ltr'>iu</span> <span class='ocrx_word' id='word_1_201' title='bbox 262 2874 341 2924; x_wconf 78' lang='lat' dir='ltr'>marp.</span> <span class='ocrx_word' id='word_1_202' title='bbox 360 2859 458 2922; x_wconf 70' lang='lat' dir='ltr'>adeor.)</span> <span class='ocrx_word' id='word_1_203' title='bbox 477 2860 511 2920; x_wconf 89' lang='lat' dir='ltr'>D,</span> <span class='ocrx_word' id='word_1_204' title='bbox 530 2875 611 2911; x_wconf 83' lang='lat' dir='ltr'>arcus</span> <span class='ocrx_word' id='word_1_205' title='bbox 630 2876 697 2912; x_wconf 86' lang='lat' dir='ltr'>sono</span> <span class='ocrx_word' id='word_1_206' title='bbox 712 2861 854 2912; x_wconf 81' lang='lat' dir='ltr'>Urlichsius</span> <span class='ocrx_word' id='word_1_207' title='bbox 923 2863 947 2917; x_wconf 81' lang='lat'>2.</span> <span class='ocrx_word' id='word_1_208' title='bbox 967 2862 1106 2914; x_wconf 79' lang='lat' dir='ltr'>citharam</span> 
     </span>
     <span class='ocr_line' id='line_1_31' title="bbox 135 2925 1089 2988; baseline 0.005 -12"><span class='ocrx_word' id='word_1_209' title='bbox 135 2932 192 2976; x_wconf 88' lang='lat' dir='ltr'>tum</span> <span class='ocrx_word' id='word_1_210' title='bbox 212 2925 344 2988; x_wconf 81' lang='lat' dir='ltr'>Cauchius,</span> <span class='ocrx_word' id='word_1_211' title='bbox 364 2940 581 2978; x_wconf 75' lang='lat' dir='ltr'>currasaumum</span> <span class='ocrx_word' id='word_1_212' title='bbox 600 2929 655 2978; x_wconf 89' lang='lat' dir='ltr'>DV</span> <span class='ocrx_word' id='word_1_213' title='bbox 722 2927 932 2988; x_wconf 63' lang='lat' dir='ltr'>&amp;uberrumos</span> <span class='ocrx_word' id='word_1_214' title='bbox 950 2927 1044 2981; x_wconf 78' lang='lat' dir='ltr'>arium</span> <span class='ocrx_word' id='word_1_215' title='bbox 1063 2931 1089 2980; x_wconf 88' lang='lat' dir='ltr'><em>D</em></span> 
     </span>
     <span class='ocr_line' id='line_1_32' title="bbox 133 2991 1105 3060; baseline 0.005 -16"><span class='ocrx_word' id='word_1_216' title='bbox 133 2991 313 3060; x_wconf 70' lang='lat' dir='ltr'>egranbus</span> <span class='ocrx_word' id='word_1_217' title='bbox 337 2994 621 3047; x_wconf 68' lang='lat' dir='ltr'>schismaticum</span> <span class='ocrx_word' id='word_1_218' title='bbox 690 2998 714 3047; x_wconf 84' lang='lat'>5.</span> <span class='ocrx_word' id='word_1_219' title='bbox 743 3010 892 3048; x_wconf 73' lang='lat' dir='ltr'>rectsseur</span> <span class='ocrx_word' id='word_1_220' title='bbox 915 2997 940 3046; x_wconf 88' lang='lat' dir='ltr'><em>D</em></span> <span class='ocrx_word' id='word_1_221' title='bbox 1010 2999 1034 3049; x_wconf 91' lang='grc'>6.</span> <span class='ocrx_word' id='word_1_222' title='bbox 1059 3014 1105 3049; x_wconf 85' lang='lat' dir='ltr'>ex·</span> 
     </span>
     <span class='ocr_line' id='line_1_33' title="bbox 135 3062 1104 3128; baseline 0.008 -18"><span class='ocrx_word' id='word_1_223' title='bbox 135 3076 275 3127; x_wconf 64' lang='lat' dir='ltr'>cepisses*</span> <span class='ocrx_word' id='word_1_224' title='bbox 292 3063 317 3111; x_wconf 86' lang='lat' dir='ltr'><em>D</em></span> <span class='ocrx_word' id='word_1_225' title='bbox 386 3075 508 3114; x_wconf 69' lang='lat' dir='ltr'>reconem</span> <span class='ocrx_word' id='word_1_226' title='bbox 527 3064 559 3124; x_wconf 88' lang='lat' dir='ltr'>D,</span> <span class='ocrx_word' id='word_1_227' title='bbox 577 3063 711 3127; x_wconf 87' lang='lat' dir='ltr'>liquorem</span> <span class='ocrx_word' id='word_1_228' title='bbox 733 3063 766 3128; x_wconf 88' lang='lat' dir='ltr'>V,</span> <span class='ocrx_word' id='word_1_229' title='bbox 784 3064 963 3115; x_wconf 67' lang='lat' dir='ltr'>coruluhnus</span> <span class='ocrx_word' id='word_1_230' title='bbox 983 3062 1059 3127; x_wconf 84' lang='lat' dir='ltr'>(Ber.</span> <span class='ocrx_word' id='word_1_231' title='bbox 1079 3067 1104 3119; x_wconf 84' lang='lat' dir='ltr'>d.</span> 
     </span>
    </p>

    <p class='ocr_par' dir='ltr' id='par_1_8' title="bbox 74 3127 1104 3532">
     <span class='ocr_line' id='line_1_34' title="bbox 74 3127 1104 3196; baseline 0.004 -17"><span class='ocrx_word' id='word_1_232' title='bbox 74 3145 82 3152; x_wconf 37' lang='lat'>⁸</span> <span class='ocrx_word' id='word_1_233' title='bbox 133 3129 224 3179; x_wconf 77' lang='lat' dir='ltr'>Sd&#39;clrs.</span> <span class='ocrx_word' id='word_1_234' title='bbox 240 3130 299 3181; x_wconf 74' lang='lat' dir='ltr'>(ies.</span> <span class='ocrx_word' id='word_1_235' title='bbox 317 3127 412 3194; x_wconf 71' lang='lat'><strong><em>141⁷)</em></strong></span> <span class='ocrx_word' id='word_1_236' title='bbox 482 3132 507 3182; x_wconf 77' lang='lat' dir='ltr'>t.</span> <span class='ocrx_word' id='word_1_237' title='bbox 525 3144 668 3195; x_wconf 74' lang='lat' dir='ltr'>paamnese</span> <span class='ocrx_word' id='word_1_238' title='bbox 689 3129 761 3193; x_wconf 86' lang='lat' dir='ltr'>(ame</span> <span class='ocrx_word' id='word_1_239' title='bbox 780 3129 885 3194; x_wconf 80' lang='lat' dir='ltr'>iuras.)</span> <span class='ocrx_word' id='word_1_240' title='bbox 903 3133 936 3193; x_wconf 84' lang='lat' dir='ltr'>D,</span> <span class='ocrx_word' id='word_1_241' title='bbox 956 3147 1104 3196; x_wconf 81' lang='lat' dir='ltr'>paramese</span> 
     </span>
     <span class='ocr_line' id='line_1_35' title="bbox 138 3196 1104 3256; baseline 0.004 -10"><span class='ocrx_word' id='word_1_242' title='bbox 138 3198 169 3256; x_wconf 91' lang='lat' dir='ltr'>V,</span> <span class='ocrx_word' id='word_1_243' title='bbox 188 3196 575 3248; x_wconf 78' lang='lat' dir='ltr'>Parnasiaeetcoui.lahuus</span> <span class='ocrx_word' id='word_1_244' title='bbox 627 3197 832 3249; x_wconf 76' lang='lat' dir='ltr'>cursorhemtbt</span> <span class='ocrx_word' id='word_1_245' title='bbox 849 3198 904 3247; x_wconf 89' lang='lat' dir='ltr'>DV</span> <span class='ocrx_word' id='word_1_246' title='bbox 971 3199 995 3250; x_wconf 79' lang='lat'>8.</span> <span class='ocrx_word' id='word_1_247' title='bbox 1015 3214 1048 3249; x_wconf 77' lang='lat' dir='ltr'>as</span> <span class='ocrx_word' id='word_1_248' title='bbox 1070 3215 1104 3250; x_wconf 85' lang='lat' dir='ltr'>ea</span> 
     </span>
     <span class='ocr_line' id='line_1_36' title="bbox 134 3263 1102 3328; baseline 0.003 -15"><span class='ocrx_word' id='word_1_249' title='bbox 134 3265 191 3314; x_wconf 86' lang='lat' dir='ltr'>DV</span> <span class='ocrx_word' id='word_1_250' title='bbox 242 3263 446 3315; x_wconf 73' lang='lat' dir='ltr'>eruheumenos</span> <span class='ocrx_word' id='word_1_251' title='bbox 464 3265 498 3328; x_wconf 87' lang='lat' dir='ltr'>D,</span> <span class='ocrx_word' id='word_1_252' title='bbox 518 3265 694 3316; x_wconf 83' lang='lat' dir='ltr'>sinenmenos</span> <span class='ocrx_word' id='word_1_253' title='bbox 720 3267 746 3316; x_wconf 92' lang='lat' dir='ltr'><em>V</em></span> <span class='ocrx_word' id='word_1_254' title='bbox 814 3267 854 3319; x_wconf 88' lang='lat'>10.</span> <span class='ocrx_word' id='word_1_255' title='bbox 874 3264 1051 3316; x_wconf 72' lang='lat' dir='ltr'>brezeumeuu</span> <span class='ocrx_word' id='word_1_256' title='bbox 1070 3269 1102 3326; x_wconf 86' lang='grc' dir='ltr'>Ι),</span> 
     </span>
     <span class='ocr_line' id='line_1_37' title="bbox 134 3331 1104 3398; baseline 0.002 -18"><span class='ocrx_word' id='word_1_257' title='bbox 134 3331 179 3381; x_wconf 89' lang='lat' dir='ltr'>die</span> <span class='ocrx_word' id='word_1_258' title='bbox 198 3347 330 3382; x_wconf 81' lang='lat' dir='ltr'>zeumeno</span> <span class='ocrx_word' id='word_1_259' title='bbox 352 3332 378 3381; x_wconf 89' lang='lat' dir='ltr'><em>V</em></span> <span class='ocrx_word' id='word_1_260' title='bbox 446 3333 486 3385; x_wconf 88' lang='lat'>11.</span> <span class='ocrx_word' id='word_1_261' title='bbox 510 3332 708 3398; x_wconf 73' lang='lat' dir='ltr'>hrpemroueou</span> <span class='ocrx_word' id='word_1_262' title='bbox 727 3332 784 3382; x_wconf 86' lang='lat' dir='ltr'>DV</span> <span class='ocrx_word' id='word_1_263' title='bbox 850 3335 890 3383; x_wconf 82' lang='lat'>14.</span> <span class='ocrx_word' id='word_1_264' title='bbox 915 3331 1049 3384; x_wconf 80' lang='lat' dir='ltr'>rourbtum</span> <span class='ocrx_word' id='word_1_265' title='bbox 1070 3349 1104 3385; x_wconf 83' lang='lat' dir='ltr'>er</span> 
     </span>
     <span class='ocr_line' id='line_1_38' title="bbox 134 3397 1054 3465; baseline 0.007 -18"><span class='ocrx_word' id='word_1_266' title='bbox 134 3400 191 3449; x_wconf 85' lang='lat' dir='ltr'>DV</span> <span class='ocrx_word' id='word_1_267' title='bbox 257 3398 436 3450; x_wconf 78' lang='lat' dir='ltr'>btaressenou</span> <span class='ocrx_word' id='word_1_268' title='bbox 456 3397 497 3463; x_wconf 88' lang='lat' dir='ltr'>(ss</span> <span class='ocrx_word' id='word_1_269' title='bbox 515 3401 541 3450; x_wconf 82' lang='lat' dir='ltr'>iu</span> <span class='ocrx_word' id='word_1_270' title='bbox 557 3400 625 3462; x_wconf 84' lang='lat' dir='ltr'>ras.)</span> <span class='ocrx_word' id='word_1_271' title='bbox 643 3401 668 3450; x_wconf 89' lang='lat' dir='ltr'><em>D</em></span> <span class='ocrx_word' id='word_1_272' title='bbox 737 3402 779 3453; x_wconf 79' lang='lat'>20.</span> <span class='ocrx_word' id='word_1_273' title='bbox 801 3415 856 3465; x_wconf 75' lang='lat' dir='ltr'>pen</span> <span class='ocrx_word' id='word_1_274' title='bbox 874 3415 979 3465; x_wconf 78' lang='lat' dir='ltr'>parares</span> <span class='ocrx_word' id='word_1_275' title='bbox 997 3402 1054 3453; x_wconf 89' lang='lat' dir='ltr'>DV</span> 
     </span>
     <span class='ocr_line' id='line_1_39' title="bbox 136 3465 1041 3532; baseline 0.004 -17"><span class='ocrx_word' id='word_1_276' title='bbox 136 3465 320 3527; x_wconf 76' lang='lat' dir='ltr'>srrnonu’D,</span> <span class='ocrx_word' id='word_1_277' title='bbox 340 3466 451 3532; x_wconf 79' lang='lat' dir='ltr'>syllaba</span> <span class='ocrx_word' id='word_1_278' title='bbox 474 3468 501 3518; x_wconf 90' lang='lat' dir='ltr'><em>V</em></span> <span class='ocrx_word' id='word_1_279' title='bbox 567 3479 709 3519; x_wconf 73' lang='lat' dir='ltr'>numerum</span> <span class='ocrx_word' id='word_1_280' title='bbox 728 3468 753 3516; x_wconf 88' lang='lat' dir='ltr'><em>D</em></span> <span class='ocrx_word' id='word_1_281' title='bbox 821 3469 863 3519; x_wconf 80' lang='lat'>23.</span> <span class='ocrx_word' id='word_1_282' title='bbox 883 3466 916 3518; x_wconf 80' lang='lat' dir='ltr'>ab</span> <span class='ocrx_word' id='word_1_283' title='bbox 935 3483 966 3519; x_wconf 85' lang='lat' dir='ltr'>se</span> <span class='ocrx_word' id='word_1_284' title='bbox 984 3469 1041 3518; x_wconf 89' lang='lat' dir='ltr'>DV</span> 
     </span>
    </p>
   </div>
   <div class='ocr_carea' id='block_1_6' title="bbox 0 0 1204 3848">
    <p class='ocr_par' dir='ltr' id='par_1_9' title="bbox 0 0 1204 3848">
     <span class='ocr_line' id='line_1_40' title="bbox 0 0 1204 3848; baseline 0 0"><span class='ocrx_word' id='word_1_285' title='bbox 0 0 1204 3848; x_wconf 95' lang='lat' dir='ltr'> </span> 
     </span>
    </p>
   </div>
  </div>
 </body>
</html>
