<?xml version="1.0" encoding="UTF-8"?>
<!DOCTYPE html PUBLIC "-//W3C//DTD XHTML 1.0 Transitional//EN"
    "http://www.w3.org/TR/xhtml1/DTD/xhtml1-transitional.dtd">
<html xmlns="http://www.w3.org/1999/xhtml" xml:lang="en" lang="en">
 <head>
  <title>
</title>
<meta http-equiv="Content-Type" content="text/html;charset=utf-8" />
  <meta name='ocr-system' content='tesseract 3.04.00' />
  <meta name='ocr-capabilities' content='ocr_page ocr_carea ocr_par ocr_line ocrx_word'/>
</head>
<body>
  <div class='ocr_page' id='page_1' title='image "./censorinidedien02censgoog_0031.png"; bbox 0 0 2400 3848; ppageno 0'>
   <div class='ocr_carea' id='block_1_1' title="bbox 102 172 837 237">
    <p class='ocr_par' dir='ltr' id='par_1_1' title="bbox 102 172 837 237">
     <span class='ocr_line' id='line_1_1' title="bbox 102 172 837 237; baseline -0.005 0"><span class='ocrx_word' id='word_1_1' title='bbox 102 172 161 237; x_wconf 86' lang='grc'>-14</span> <span class='ocrx_word' id='word_1_2' title='bbox 362 186 411 234; x_wconf 83' lang='lat' dir='ltr'>on</span> <span class='ocrx_word' id='word_1_3' title='bbox 433 185 495 233; x_wconf 81' lang='lat' dir='ltr'>orn</span> <span class='ocrx_word' id='word_1_4' title='bbox 516 186 649 234; x_wconf 71' lang='lat' dir='ltr'>unuani</span> <span class='ocrx_word' id='word_1_5' title='bbox 673 184 748 234; x_wconf 77' lang='lat' dir='ltr'>car.</span> <span class='ocrx_word' id='word_1_6' title='bbox 763 186 837 233; x_wconf 84' lang='lat' dir='ltr'>vm.</span> 
     </span>
    </p>
   </div>
   <div class='ocr_carea' id='block_1_2' title="bbox 84 324 1132 2678">
    <p class='ocr_par' dir='ltr' id='par_1_2' title="bbox 117 324 1121 1079">
     <span class='ocr_line' id='line_1_2' title="bbox 117 324 1089 406; baseline -0.001 -18"><span class='ocrx_word' id='word_1_7' title='bbox 117 325 254 405; x_wconf 82' lang='lat' dir='ltr'>signiler,</span> <span class='ocrx_word' id='word_1_8' title='bbox 272 343 360 406; x_wconf 92' lang='lat' dir='ltr'>quem</span> <span class='ocrx_word' id='word_1_9' title='bbox 376 325 482 387; x_wconf 86' lang='lat' dir='ltr'>Graeci</span> <span class='ocrx_word' id='word_1_10' title='bbox 496 333 602 386; x_wconf 89' lang='lat' dir='ltr'>vocant</span> <span class='ocrx_word' id='word_1_11' title='bbox 616 324 773 395; x_wconf 80' lang='lat' dir='ltr'><strong>zodiacon,</strong></span> <span class='ocrx_word' id='word_1_12' title='bbox 790 326 820 384; x_wconf 92' lang='lat' dir='ltr'>in</span> <span class='ocrx_word' id='word_1_13' title='bbox 836 343 895 405; x_wconf 94' lang='lat' dir='ltr'>quo</span> <span class='ocrx_word' id='word_1_14' title='bbox 910 324 955 385; x_wconf 91' lang='lat' dir='ltr'>sol</span> <span class='ocrx_word' id='word_1_15' title='bbox 970 332 1000 386; x_wconf 89' lang='lat' dir='ltr'>et</span> <span class='ocrx_word' id='word_1_16' title='bbox 1012 324 1089 387; x_wconf 87' lang='lat' dir='ltr'>luna</span> 
     </span>
     <span class='ocr_line' id='line_1_3' title="bbox 118 408 1088 489; baseline -0.001 -17"><span class='ocrx_word' id='word_1_17' title='bbox 118 419 295 488; x_wconf 81' lang='lat' dir='ltr'>ceteraeque</span> <span class='ocrx_word' id='word_1_18' title='bbox 315 408 417 471; x_wconf 90' lang='lat' dir='ltr'>stellae</span> <span class='ocrx_word' id='word_1_19' title='bbox 437 426 527 488; x_wconf 83' lang='lat' dir='ltr'>vagae</span> <span class='ocrx_word' id='word_1_20' title='bbox 550 409 695 470; x_wconf 81' lang='lat' dir='ltr'>feruntur.</span> <span class='ocrx_word' id='word_1_21' title='bbox 733 409 781 469; x_wconf 92' lang='lat' dir='ltr'>hic</span> <span class='ocrx_word' id='word_1_22' title='bbox 796 410 827 469; x_wconf 91' lang='lat' dir='ltr'>in</span> <span class='ocrx_word' id='word_1_23' title='bbox 843 408 1000 470; x_wconf 82' lang='lat' dir='ltr'>duodecim</span> <span class='ocrx_word' id='word_1_24' title='bbox 1015 427 1088 489; x_wconf 86' lang='lat' dir='ltr'>par·</span> 
     </span>
     <span class='ocr_line' id='line_1_4' title="bbox 118 492 1087 573; baseline -0.001 -17"><span class='ocrx_word' id='word_1_25' title='bbox 118 504 162 556; x_wconf 90' lang='lat' dir='ltr'>tes</span> <span class='ocrx_word' id='word_1_26' title='bbox 181 495 303 555; x_wconf 90' lang='lat' dir='ltr'>totidem</span> <span class='ocrx_word' id='word_1_27' title='bbox 324 496 415 573; x_wconf 83' lang='lat' dir='ltr'>signis</span> <span class='ocrx_word' id='word_1_28' title='bbox 434 494 565 555; x_wconf 88' lang='lat' dir='ltr'>redditas</span> <span class='ocrx_word' id='word_1_29' title='bbox 587 492 782 572; x_wconf 77' lang='lat' dir='ltr'>aequabiliter</span> <span class='ocrx_word' id='word_1_30' title='bbox 803 492 910 556; x_wconf 84' lang='lat' dir='ltr'>divisus</span> <span class='ocrx_word' id='word_1_31' title='bbox 931 503 984 555; x_wconf 93' lang='grc' dir='ltr'><strong>εει.</strong></span> <span class='ocrx_word' id='word_1_32' title='bbox 1016 512 1087 555; x_wconf 90' lang='lat' dir='ltr'>eum</span> 
     </span>
     <span class='ocr_line' id='line_1_5' title="bbox 118 578 1088 658; baseline 0 -19"><span class='ocrx_word' id='word_1_33' title='bbox 118 578 163 639; x_wconf 94' lang='lat' dir='ltr'>sol</span> <span class='ocrx_word' id='word_1_34' title='bbox 183 597 281 640; x_wconf 91' lang='lat' dir='ltr'>annuo</span> <span class='ocrx_word' id='word_1_35' title='bbox 303 580 397 658; x_wconf 85' lang='lat' dir='ltr'>spatio</span> <span class='ocrx_word' id='word_1_36' title='bbox 414 580 547 640; x_wconf 89' lang='lat' dir='ltr'>metitur:</span> <span class='ocrx_word' id='word_1_37' title='bbox 571 580 611 638; x_wconf 91' lang='lat' dir='ltr'>ita</span> <span class='ocrx_word' id='word_1_38' title='bbox 632 580 662 637; x_wconf 93' lang='lat' dir='ltr'>in</span> <span class='ocrx_word' id='word_1_39' title='bbox 677 596 737 639; x_wconf 91' lang='lat' dir='ltr'>uno</span> <span class='ocrx_word' id='word_1_40' title='bbox 754 579 975 657; x_wconf 71' lang='lat' dir='ltr'>quoquesigno</span> <span class='ocrx_word' id='word_1_41' title='bbox 990 578 1088 640; x_wconf 78' lang='lat' dir='ltr'>lernae</span> 
     </span>
     <span class='ocr_line' id='line_1_6' title="bbox 117 662 1121 741; baseline -0.002 -18"><span class='ocrx_word' id='word_1_42' title='bbox 117 681 210 725; x_wconf 90' lang='lat' dir='ltr'>unum</span> <span class='ocrx_word' id='word_1_43' title='bbox 225 681 357 724; x_wconf 91' lang='lat' dir='ltr'>mensem</span> <span class='ocrx_word' id='word_1_44' title='bbox 379 671 520 724; x_wconf 88' lang='lat' dir='ltr'>moratur.</span> <span class='ocrx_word' id='word_1_45' title='bbox 552 663 604 724; x_wconf 90' lang='lat' dir='ltr'>sed</span> <span class='ocrx_word' id='word_1_46' title='bbox 620 664 735 740; x_wconf 83' lang='lat' dir='ltr'>siguum</span> <span class='ocrx_word' id='word_1_47' title='bbox 753 662 906 741; x_wconf 82' lang='lat' dir='ltr'>quodlibet</span> <span class='ocrx_word' id='word_1_48' title='bbox 921 681 989 723; x_wconf 90' lang='lat' dir='ltr'>cum</span> <span class='ocrx_word' id='word_1_49' title='bbox 1005 669 1121 725; x_wconf 83' lang='lat' dir='ltr'>cete-t</span> 
     </span>
     <span class='ocr_line' id='line_1_7' title="bbox 117 746 1087 825; baseline 0.001 -18"><span class='ocrx_word' id='word_1_50' title='bbox 117 749 159 809; x_wconf 90' lang='lat' dir='ltr'>ris</span> <span class='ocrx_word' id='word_1_51' title='bbox 181 746 304 824; x_wconf 79' lang='lat' dir='ltr'>singulis</span> <span class='ocrx_word' id='word_1_52' title='bbox 325 746 415 808; x_wconf 90' lang='lat' dir='ltr'>habet</span> <span class='ocrx_word' id='word_1_53' title='bbox 434 755 570 808; x_wconf 90' lang='lat' dir='ltr'>mutuum</span> <span class='ocrx_word' id='word_1_54' title='bbox 592 754 799 825; x_wconf 89' lang='lat' dir='ltr'>conspectum,</span> <span class='ocrx_word' id='word_1_55' title='bbox 821 755 996 808; x_wconf 91' lang='lat' dir='ltr'>nontamen</span> <span class='ocrx_word' id='word_1_56' title='bbox 1017 748 1087 808; x_wconf 92' lang='lat' dir='ltr'>uni·</span> 
     </span>
     <span class='ocr_line' id='line_1_8' title="bbox 117 830 1088 901; baseline 0.002 -10"><span class='ocrx_word' id='word_1_57' title='bbox 117 832 243 893; x_wconf 81' lang='lat' dir='ltr'>formem</span> <span class='ocrx_word' id='word_1_58' title='bbox 266 850 334 893; x_wconf 91' lang='lat' dir='ltr'>cum</span> <span class='ocrx_word' id='word_1_59' title='bbox 356 832 508 893; x_wconf 89' lang='lat' dir='ltr'>omnibus:</span> <span class='ocrx_word' id='word_1_60' title='bbox 543 849 611 891; x_wconf 92' lang='lat' dir='ltr'>nam</span> <span class='ocrx_word' id='word_1_61' title='bbox 633 830 790 892; x_wconf 89' lang='lat' dir='ltr'>validiores</span> <span class='ocrx_word' id='word_1_62' title='bbox 811 830 874 901; x_wconf 90' lang='lat' dir='ltr'>alii,</span> <span class='ocrx_word' id='word_1_63' title='bbox 904 831 1088 893; x_wconf 86' lang='lat' dir='ltr'>infirmiores</span> 
     </span>
     <span class='ocr_line' id='line_1_9' title="bbox 118 914 1088 996; baseline -0.002 -19"><span class='ocrx_word' id='word_1_64' title='bbox 118 916 166 977; x_wconf 93' lang='lat' dir='ltr'>alii</span> <span class='ocrx_word' id='word_1_65' title='bbox 181 915 337 977; x_wconf 89' lang='lat' dir='ltr'>habentur.</span> <span class='ocrx_word' id='word_1_66' title='bbox 377 917 467 995; x_wconf 85' lang='lat' dir='ltr'>igitur</span> <span class='ocrx_word' id='word_1_67' title='bbox 483 934 542 996; x_wconf 91' lang='lat' dir='ltr'>quo</span> <span class='ocrx_word' id='word_1_68' title='bbox 557 923 693 994; x_wconf 87' lang='lat' dir='ltr'>tempore</span> <span class='ocrx_word' id='word_1_69' title='bbox 708 923 811 994; x_wconf 90' lang='lat' dir='ltr'>partus</span> <span class='ocrx_word' id='word_1_70' title='bbox 832 917 1015 992; x_wconf 87' lang='lat' dir='ltr'>concipitur,</span> <span class='ocrx_word' id='word_1_71' title='bbox 1041 914 1088 977; x_wconf 91' lang='lat' dir='ltr'>sol</span> 
     </span>
     <span class='ocr_line' id='line_1_10' title="bbox 117 999 1086 1079; baseline 0 -18"><span class='ocrx_word' id='word_1_72' title='bbox 117 1001 148 1061; x_wconf 90' lang='lat' dir='ltr'>in</span> <span class='ocrx_word' id='word_1_73' title='bbox 168 999 267 1079; x_wconf 89' lang='lat' dir='ltr'>aliquo</span> <span class='ocrx_word' id='word_1_74' title='bbox 287 1001 371 1078; x_wconf 84' lang='lat' dir='ltr'>signo</span> <span class='ocrx_word' id='word_1_75' title='bbox 393 1002 431 1061; x_wconf 91' lang='lat' dir='ltr'>sit</span> <span class='ocrx_word' id='word_1_76' title='bbox 446 1017 568 1061; x_wconf 88' lang='lat' dir='ltr'>necesse</span> <span class='ocrx_word' id='word_1_77' title='bbox 584 1007 628 1060; x_wconf 92' lang='lat' dir='ltr'>est</span> <span class='ocrx_word' id='word_1_78' title='bbox 647 1007 676 1061; x_wconf 82' lang='lat' dir='ltr'>et</span> <span class='ocrx_word' id='word_1_79' title='bbox 690 1000 719 1059; x_wconf 92' lang='lat' dir='ltr'>in</span> <span class='ocrx_word' id='word_1_80' title='bbox 735 999 832 1078; x_wconf 89' lang='lat' dir='ltr'>aliqua</span> <span class='ocrx_word' id='word_1_81' title='bbox 853 1002 916 1060; x_wconf 86' lang='lat' dir='ltr'>eius</span> <span class='ocrx_word' id='word_1_82' title='bbox 930 999 1086 1079; x_wconf 89' lang='lat' dir='ltr'>particula,</span> 
     </span>
    </p>

    <p class='ocr_par' dir='ltr' id='par_1_3' title="bbox 84 1083 1132 1501">
     <span class='ocr_line' id='line_1_11' title="bbox 84 1083 1132 1164; baseline 0 -22"><span class='ocrx_word' id='word_1_83' title='bbox 84 1094 206 1162; x_wconf 76' lang='lat' dir='ltr'>aquom</span> <span class='ocrx_word' id='word_1_84' title='bbox 229 1084 328 1146; x_wconf 88' lang='lat' dir='ltr'>locum</span> <span class='ocrx_word' id='word_1_85' title='bbox 349 1085 551 1164; x_wconf 83' lang='lat' dir='ltr'>conceptionis</span> <span class='ocrx_word' id='word_1_86' title='bbox 571 1086 693 1162; x_wconf 86' lang='lat' dir='ltr'>proprie</span> <span class='ocrx_word' id='word_1_87' title='bbox 714 1083 872 1162; x_wconf 87' lang='lat' dir='ltr'>appellant.</span> <span class='ocrx_word' id='word_1_88' title='bbox 901 1092 971 1145; x_wconf 91' lang='lat' dir='ltr'>sunt</span> <span class='ocrx_word' id='word_1_89' title='bbox 987 1090 1087 1147; x_wconf 90' lang='lat' dir='ltr'>autem</span> <span class='ocrx_word' id='word_1_90' title='bbox 1105 1092 1132 1143; x_wconf 84' lang='lat' dir='ltr'>tu</span> 
     </span>
     <span class='ocr_line' id='line_1_12' title="bbox 118 1168 1088 1248; baseline 0 -19"><span class='ocrx_word' id='word_1_91' title='bbox 118 1169 174 1230; x_wconf 89' lang='lat' dir='ltr'>hae</span> <span class='ocrx_word' id='word_1_92' title='bbox 189 1168 351 1248; x_wconf 81' lang='lat' dir='ltr'>particulae</span> <span class='ocrx_word' id='word_1_93' title='bbox 371 1171 402 1229; x_wconf 93' lang='lat' dir='ltr'>in</span> <span class='ocrx_word' id='word_1_94' title='bbox 418 1187 477 1229; x_wconf 92' lang='lat' dir='ltr'>uno</span> <span class='ocrx_word' id='word_1_95' title='bbox 493 1187 611 1248; x_wconf 90' lang='lat' dir='ltr'>quoque</span> <span class='ocrx_word' id='word_1_96' title='bbox 632 1170 717 1245; x_wconf 85' lang='lat' dir='ltr'>signo</span> <span class='ocrx_word' id='word_1_97' title='bbox 732 1170 878 1239; x_wconf 89' lang='lat' dir='ltr'>tricenae,</span> <span class='ocrx_word' id='word_1_98' title='bbox 902 1170 992 1229; x_wconf 89' lang='lat' dir='ltr'>totius</span> <span class='ocrx_word' id='word_1_99' title='bbox 1013 1186 1088 1230; x_wconf 85' lang='lat' dir='ltr'>vero</span> 
     </span>
     <span class='ocr_line' id='line_1_13' title="bbox 118 1252 1087 1330; baseline 0.001 -17"><span class='ocrx_word' id='word_1_100' title='bbox 118 1254 229 1314; x_wconf 90' lang='lat' dir='ltr'>zodiaci</span> <span class='ocrx_word' id='word_1_101' title='bbox 250 1270 375 1313; x_wconf 88' lang='lat' dir='ltr'>numero</span> <span class='ocrx_word' id='word_1_102' title='bbox 397 1265 518 1314; x_wconf 76' lang='lat' dir='ltr'>cccnx.</span> <span class='ocrx_word' id='word_1_103' title='bbox 555 1252 609 1312; x_wconf 93' lang='lat' dir='ltr'>has</span> <span class='ocrx_word' id='word_1_104' title='bbox 624 1255 730 1315; x_wconf 86' lang='lat' dir='ltr'>Graeci</span> <span class='ocrx_word' id='word_1_105' title='bbox 751 1271 870 1314; x_wconf 88' lang='lat' dir='ltr'>moeras</span> <span class='ocrx_word' id='word_1_106' title='bbox 892 1255 1087 1330; x_wconf 84' lang='lat' dir='ltr'>cognomina-</span> 
     </span>
     <span class='ocr_line' id='line_1_14' title="bbox 118 1336 1089 1415; baseline 0 -18"><span class='ocrx_word' id='word_1_107' title='bbox 118 1346 204 1406; x_wconf 90' lang='lat' dir='ltr'>runt,</span> <span class='ocrx_word' id='word_1_108' title='bbox 228 1356 262 1397; x_wconf 88' lang='lat' dir='ltr'>eo</span> <span class='ocrx_word' id='word_1_109' title='bbox 280 1336 415 1398; x_wconf 88' lang='lat' dir='ltr'>videlicet</span> <span class='ocrx_word' id='word_1_110' title='bbox 430 1336 508 1415; x_wconf 90' lang='lat' dir='ltr'>quod</span> <span class='ocrx_word' id='word_1_111' title='bbox 525 1336 596 1397; x_wconf 87' lang='lat' dir='ltr'>deas</span> <span class='ocrx_word' id='word_1_112' title='bbox 611 1337 714 1398; x_wconf 82' lang='lat' dir='ltr'>fatales</span> <span class='ocrx_word' id='word_1_113' title='bbox 729 1343 903 1415; x_wconf 89' lang='lat' dir='ltr'>nuncupant</span> <span class='ocrx_word' id='word_1_114' title='bbox 916 1337 1035 1398; x_wconf 80' lang='lat' dir='ltr'>Moerus</span> <span class='ocrx_word' id='word_1_115' title='bbox 1058 1344 1089 1399; x_wconf 86' lang='lat' dir='ltr'>et</span> 
     </span>
     <span class='ocr_line' id='line_1_15' title="bbox 119 1419 1086 1501; baseline 0.001 -19"><span class='ocrx_word' id='word_1_116' title='bbox 119 1439 172 1482; x_wconf 86' lang='lat' dir='ltr'>eae</span> <span class='ocrx_word' id='word_1_117' title='bbox 186 1419 350 1500; x_wconf 88' lang='lat' dir='ltr'>particulae</span> <span class='ocrx_word' id='word_1_118' title='bbox 365 1419 451 1483; x_wconf 93' lang='lat' dir='ltr'>nobis</span> <span class='ocrx_word' id='word_1_119' title='bbox 466 1420 546 1482; x_wconf 89' lang='lat' dir='ltr'>velut</span> <span class='ocrx_word' id='word_1_120' title='bbox 560 1421 619 1481; x_wconf 86' lang='lat' dir='ltr'>lata</span> <span class='ocrx_word' id='word_1_121' title='bbox 635 1429 719 1481; x_wconf 88' lang='lat' dir='ltr'>sunt:</span> <span class='ocrx_word' id='word_1_122' title='bbox 742 1438 810 1482; x_wconf 92' lang='lat' dir='ltr'>nam</span> <span class='ocrx_word' id='word_1_123' title='bbox 826 1439 883 1500; x_wconf 89' lang='lat' dir='ltr'>qua</span> <span class='ocrx_word' id='word_1_124' title='bbox 898 1423 1086 1501; x_wconf 87' lang='lat' dir='ltr'>potissimum</span> 
     </span>
    </p>

    <p class='ocr_par' dir='ltr' id='par_1_4' title="bbox 84 1505 1132 2426">
     <span class='ocr_line' id='line_1_16' title="bbox 84 1505 1132 1584; baseline -0.002 -19"><span class='ocrx_word' id='word_1_125' title='bbox 84 1516 100 1564; x_wconf 82' lang='grc'>6</span> <span class='ocrx_word' id='word_1_126' title='bbox 119 1506 235 1567; x_wconf 92' lang='lat' dir='ltr'>oriente</span> <span class='ocrx_word' id='word_1_127' title='bbox 249 1523 406 1567; x_wconf 90' lang='lat' dir='ltr'>nascamur</span> <span class='ocrx_word' id='word_1_128' title='bbox 421 1505 582 1584; x_wconf 90' lang='lat' dir='ltr'>plurimum</span> <span class='ocrx_word' id='word_1_129' title='bbox 602 1505 704 1566; x_wconf 84' lang='lat' dir='ltr'>refert.</span> <span class='ocrx_word' id='word_1_130' title='bbox 736 1505 781 1565; x_wconf 90' lang='lat' dir='ltr'>sol</span> <span class='ocrx_word' id='word_1_131' title='bbox 797 1522 868 1583; x_wconf 85' lang='lat' dir='ltr'>ergo</span> <span class='ocrx_word' id='word_1_132' title='bbox 885 1523 952 1566; x_wconf 89' lang='lat' dir='ltr'>cum</span> <span class='ocrx_word' id='word_1_133' title='bbox 967 1507 999 1566; x_wconf 92' lang='lat' dir='ltr'>in</span> <span class='ocrx_word' id='word_1_134' title='bbox 1013 1522 1086 1584; x_wconf 92' lang='lat' dir='ltr'>pro·</span> <span class='ocrx_word' id='word_1_135' title='bbox 1104 1514 1132 1563; x_wconf 83' lang='lat' dir='ltr'>lt</span> 
     </span>
     <span class='ocr_line' id='line_1_17' title="bbox 118 1588 1088 1669; baseline 0 -20"><span class='ocrx_word' id='word_1_136' title='bbox 118 1591 230 1650; x_wconf 84' lang='lat' dir='ltr'>ximnm</span> <span class='ocrx_word' id='word_1_137' title='bbox 246 1591 363 1667; x_wconf 83' lang='lat' dir='ltr'>signum</span> <span class='ocrx_word' id='word_1_138' title='bbox 377 1589 579 1659; x_wconf 86' lang='lat' dir='ltr'>transcendit,</span> <span class='ocrx_word' id='word_1_139' title='bbox 599 1588 698 1649; x_wconf 94' lang='lat' dir='ltr'>locum</span> <span class='ocrx_word' id='word_1_140' title='bbox 718 1588 801 1649; x_wconf 91' lang='lat' dir='ltr'>illum</span> <span class='ocrx_word' id='word_1_141' title='bbox 818 1590 1021 1669; x_wconf 88' lang='lat' dir='ltr'>conceptionis</span> <span class='ocrx_word' id='word_1_142' title='bbox 1036 1597 1088 1652; x_wconf 92' lang='lat' dir='ltr'>aut</span> 
     </span>
     <span class='ocr_line' id='line_1_18' title="bbox 118 1672 1089 1753; baseline 0.001 -19"><span class='ocrx_word' id='word_1_143' title='bbox 118 1672 256 1735; x_wconf 91' lang='lat' dir='ltr'>inbecillo</span> <span class='ocrx_word' id='word_1_144' title='bbox 277 1672 355 1734; x_wconf 89' lang='lat' dir='ltr'>videt</span> <span class='ocrx_word' id='word_1_145' title='bbox 376 1680 537 1752; x_wconf 90' lang='lat' dir='ltr'>conspectu</span> <span class='ocrx_word' id='word_1_146' title='bbox 557 1681 607 1734; x_wconf 90' lang='lat' dir='ltr'>aut</span> <span class='ocrx_word' id='word_1_147' title='bbox 635 1675 721 1734; x_wconf 85' lang='lat' dir='ltr'>etiam</span> <span class='ocrx_word' id='word_1_148' title='bbox 742 1691 799 1736; x_wconf 91' lang='lat' dir='ltr'>nec</span> <span class='ocrx_word' id='word_1_149' title='bbox 820 1675 977 1753; x_wconf 86' lang='lat' dir='ltr'>conspicit:</span> <span class='ocrx_word' id='word_1_150' title='bbox 1017 1691 1089 1735; x_wconf 91' lang='lat' dir='ltr'>nam</span> 
     </span>
     <span class='ocr_line' id='line_1_19' title="bbox 117 1756 1088 1836; baseline 0.001 -19"><span class='ocrx_word' id='word_1_151' title='bbox 117 1756 220 1836; x_wconf 87' lang='lat' dir='ltr'>plures</span> <span class='ocrx_word' id='word_1_152' title='bbox 232 1759 429 1835; x_wconf 81' lang='lat' dir='ltr'>proximantia</span> <span class='ocrx_word' id='word_1_153' title='bbox 439 1757 557 1818; x_wconf 89' lang='lat' dir='ltr'>sibimet</span> <span class='ocrx_word' id='word_1_154' title='bbox 570 1757 654 1818; x_wconf 91' lang='lat' dir='ltr'>zodia</span> <span class='ocrx_word' id='word_1_155' title='bbox 669 1759 794 1819; x_wconf 89' lang='lat' dir='ltr'>invicem</span> <span class='ocrx_word' id='word_1_156' title='bbox 809 1776 842 1818; x_wconf 89' lang='lat' dir='ltr'>se</span> <span class='ocrx_word' id='word_1_157' title='bbox 853 1759 952 1820; x_wconf 85' lang='lat' dir='ltr'>videre</span> <span class='ocrx_word' id='word_1_158' title='bbox 964 1760 1088 1819; x_wconf 91' lang='lat' dir='ltr'>omnino</span> 
     </span>
     <span class='ocr_line' id='line_1_20' title="bbox 118 1842 1088 1920; baseline 0.002 -18"><span class='ocrx_word' id='word_1_159' title='bbox 118 1850 310 1920; x_wconf 83' lang='lat' dir='ltr'>negaverunt.</span> <span class='ocrx_word' id='word_1_160' title='bbox 341 1847 370 1903; x_wconf 91' lang='lat' dir='ltr'>at</span> <span class='ocrx_word' id='word_1_161' title='bbox 392 1860 459 1903; x_wconf 91' lang='lat' dir='ltr'>cum</span> <span class='ocrx_word' id='word_1_162' title='bbox 478 1844 508 1902; x_wconf 88' lang='lat' dir='ltr'>in</span> <span class='ocrx_word' id='word_1_163' title='bbox 525 1843 614 1913; x_wconf 81' lang='lat' dir='ltr'>tertio</span> <span class='ocrx_word' id='word_1_164' title='bbox 636 1850 680 1903; x_wconf 92' lang='grc' dir='ltr'>εει</span> <span class='ocrx_word' id='word_1_165' title='bbox 694 1844 793 1920; x_wconf 81' lang='lat' dir='ltr'>signo,</span> <span class='ocrx_word' id='word_1_166' title='bbox 815 1842 873 1904; x_wconf 90' lang='lat' dir='ltr'>hoc</span> <span class='ocrx_word' id='word_1_167' title='bbox 889 1849 933 1904; x_wconf 88' lang='lat' dir='ltr'>est</span> <span class='ocrx_word' id='word_1_168' title='bbox 948 1860 1008 1903; x_wconf 92' lang='lat' dir='ltr'>uno</span> <span class='ocrx_word' id='word_1_169' title='bbox 1023 1861 1088 1904; x_wconf 87' lang='lat' dir='ltr'>me·</span> 
     </span>
     <span class='ocr_line' id='line_1_21' title="bbox 118 1926 1132 2005; baseline 0 -18"><span class='ocrx_word' id='word_1_170' title='bbox 118 1928 167 1987; x_wconf 93' lang='lat' dir='ltr'>dio</span> <span class='ocrx_word' id='word_1_171' title='bbox 182 1928 371 2003; x_wconf 90' lang='lat' dir='ltr'>interposito,</span> <span class='ocrx_word' id='word_1_172' title='bbox 393 1934 465 1988; x_wconf 89' lang='lat' dir='ltr'>tuno</span> <span class='ocrx_word' id='word_1_173' title='bbox 480 1928 608 2005; x_wconf 90' lang='lat' dir='ltr'>primum</span> <span class='ocrx_word' id='word_1_174' title='bbox 629 1926 711 1988; x_wconf 89' lang='lat' dir='ltr'>illum</span> <span class='ocrx_word' id='word_1_175' title='bbox 726 1926 825 1988; x_wconf 93' lang='lat' dir='ltr'>locum</span> <span class='ocrx_word' id='word_1_176' title='bbox 840 1928 919 1989; x_wconf 93' lang='lat' dir='ltr'>unde</span> <span class='ocrx_word' id='word_1_177' title='bbox 934 1927 1089 2005; x_wconf 84' lang='lat' dir='ltr'>proiectus</span> <span class='ocrx_word' id='word_1_178' title='bbox 1105 1936 1132 1987; x_wconf 73' lang='lat' dir='ltr'>tt</span> 
     </span>
     <span class='ocr_line' id='line_1_22' title="bbox 119 2010 1087 2090; baseline 0.003 -19"><span class='ocrx_word' id='word_1_179' title='bbox 119 2018 164 2071; x_wconf 89' lang='lat' dir='ltr'>est</span> <span class='ocrx_word' id='word_1_180' title='bbox 178 2010 279 2071; x_wconf 88' lang='lat' dir='ltr'>videre</span> <span class='ocrx_word' id='word_1_181' title='bbox 294 2011 415 2080; x_wconf 87' lang='lat' dir='ltr'>dicitur,</span> <span class='ocrx_word' id='word_1_182' title='bbox 444 2012 497 2071; x_wconf 89' lang='lat' dir='ltr'>sed</span> <span class='ocrx_word' id='word_1_183' title='bbox 514 2010 596 2072; x_wconf 89' lang='lat' dir='ltr'>valde</span> <span class='ocrx_word' id='word_1_184' title='bbox 618 2011 738 2090; x_wconf 92' lang='lat' dir='ltr'>obliquo</span> <span class='ocrx_word' id='word_1_185' title='bbox 762 2020 790 2071; x_wconf 89' lang='lat' dir='ltr'>et</span> <span class='ocrx_word' id='word_1_186' title='bbox 810 2010 936 2073; x_wconf 89' lang='lat' dir='ltr'>invalido</span> <span class='ocrx_word' id='word_1_187' title='bbox 956 2010 1087 2081; x_wconf 81' lang='lat' dir='ltr'>lumine:</span> 
     </span>
     <span class='ocr_line' id='line_1_23' title="bbox 119 2093 1088 2175; baseline 0.001 -20"><span class='ocrx_word' id='word_1_188' title='bbox 119 2096 170 2174; x_wconf 91' lang='lat' dir='ltr'>qui</span> <span class='ocrx_word' id='word_1_189' title='bbox 186 2100 362 2173; x_wconf 85' lang='lat' dir='ltr'>conspectus</span> <span class='ocrx_word' id='word_1_190' title='bbox 377 2103 499 2155; x_wconf 90' lang='lat' dir='ltr'>vocatur</span> <span class='ocrx_word' id='word_1_191' title='bbox 514 2094 594 2157; x_wconf 87' lang='grc' dir='ltr'>κατὰ</span> <span class='ocrx_word' id='word_1_192' title='bbox 609 2093 785 2169; x_wconf 81' lang='grc' dir='ltr'>ἑξάγωνον,</span> <span class='ocrx_word' id='word_1_193' title='bbox 803 2097 871 2175; x_wconf 89' lang='lat' dir='ltr'>quia</span> <span class='ocrx_word' id='word_1_194' title='bbox 887 2102 1001 2157; x_wconf 82' lang='lat' dir='ltr'>sextam</span> <span class='ocrx_word' id='word_1_195' title='bbox 1016 2113 1088 2173; x_wconf 87' lang='lat' dir='ltr'>par·</span> 
     </span>
     <span class='ocr_line' id='line_1_24' title="bbox 119 2177 1086 2258; baseline 0.001 -19"><span class='ocrx_word' id='word_1_196' title='bbox 119 2187 178 2239; x_wconf 92' lang='lat' dir='ltr'>tem</span> <span class='ocrx_word' id='word_1_197' title='bbox 194 2177 298 2239; x_wconf 87' lang='lat' dir='ltr'>circuli</span> <span class='ocrx_word' id='word_1_198' title='bbox 315 2178 475 2240; x_wconf 89' lang='lat' dir='ltr'>subtendit.</span> <span class='ocrx_word' id='word_1_199' title='bbox 506 2181 630 2249; x_wconf 89' lang='lat' dir='ltr'>namsi,</span> <span class='ocrx_word' id='word_1_200' title='bbox 655 2187 687 2239; x_wconf 91' lang='lat' dir='ltr'>ut</span> <span class='ocrx_word' id='word_1_201' title='bbox 708 2180 836 2258; x_wconf 90' lang='lat' dir='ltr'>aprimo</span> <span class='ocrx_word' id='word_1_202' title='bbox 857 2179 942 2240; x_wconf 89' lang='lat' dir='ltr'>zodio</span> <span class='ocrx_word' id='word_1_203' title='bbox 963 2179 1002 2239; x_wconf 91' lang='lat' dir='ltr'>ad</span> <span class='ocrx_word' id='word_1_204' title='bbox 1024 2186 1086 2241; x_wconf 89' lang='lat' dir='ltr'>ter-</span> 
     </span>
     <span class='ocr_line' id='line_1_25' title="bbox 118 2262 1087 2342; baseline 0.001 -18"><span class='ocrx_word' id='word_1_205' title='bbox 118 2263 208 2333; x_wconf 90' lang='lat' dir='ltr'>tium,</span> <span class='ocrx_word' id='word_1_206' title='bbox 226 2262 299 2324; x_wconf 88' lang='lat' dir='ltr'>sica</span> <span class='ocrx_word' id='word_1_207' title='bbox 316 2265 404 2324; x_wconf 91' lang='lat' dir='ltr'>tertio</span> <span class='ocrx_word' id='word_1_208' title='bbox 419 2264 455 2323; x_wconf 90' lang='lat' dir='ltr'>ad</span> <span class='ocrx_word' id='word_1_209' title='bbox 472 2264 615 2342; x_wconf 89' lang='lat' dir='ltr'>quintum,</span> <span class='ocrx_word' id='word_1_210' title='bbox 632 2263 701 2325; x_wconf 90' lang='lat' dir='ltr'>inde</span> <span class='ocrx_word' id='word_1_211' title='bbox 716 2281 806 2341; x_wconf 89' lang='lat' dir='ltr'>porro</span> <span class='ocrx_word' id='word_1_212' title='bbox 822 2263 859 2323; x_wconf 92' lang='lat' dir='ltr'>ad</span> <span class='ocrx_word' id='word_1_213' title='bbox 874 2265 1035 2342; x_wconf 89' lang='lat' dir='ltr'>septimum</span> <span class='ocrx_word' id='word_1_214' title='bbox 1051 2280 1087 2325; x_wconf 86' lang='lat' dir='ltr'>ae</span> 
     </span>
     <span class='ocr_line' id='line_1_26' title="bbox 118 2346 1132 2426; baseline 0 -19"><span class='ocrx_word' id='word_1_215' title='bbox 118 2347 260 2425; x_wconf 89' lang='lat' dir='ltr'>deinceps</span> <span class='ocrx_word' id='word_1_216' title='bbox 283 2346 413 2407; x_wconf 90' lang='lat' dir='ltr'>alternae</span> <span class='ocrx_word' id='word_1_217' title='bbox 428 2347 524 2407; x_wconf 85' lang='lat' dir='ltr'>lineae</span> <span class='ocrx_word' id='word_1_218' title='bbox 546 2349 731 2416; x_wconf 88' lang='lat' dir='ltr'>emittantur,</span> <span class='ocrx_word' id='word_1_219' title='bbox 758 2346 905 2425; x_wconf 84' lang='lat' dir='ltr'>hexagoni</span> <span class='ocrx_word' id='word_1_220' title='bbox 926 2346 1086 2426; x_wconf 87' lang='lat' dir='ltr'>aequilate-</span> <span class='ocrx_word' id='word_1_221' title='bbox 1103 2358 1132 2407; x_wconf 75' lang='lat' dir='ltr'>at</span> 
     </span>
    </p>

    <p class='ocr_par' dir='ltr' id='par_1_5' title="bbox 85 2429 1088 2596">
     <span class='ocr_line' id='line_1_27' title="bbox 85 2429 1087 2509; baseline 0.005 -21"><span class='ocrx_word' id='word_1_222' title='bbox 85 2430 188 2491; x_wconf 81' lang='lat' dir='ltr'>tralis</span> <span class='ocrx_word' id='word_1_223' title='bbox 212 2430 308 2490; x_wconf 80' lang='lat' dir='ltr'>fornia</span> <span class='ocrx_word' id='word_1_224' title='bbox 332 2430 362 2489; x_wconf 90' lang='lat' dir='ltr'>in</span> <span class='ocrx_word' id='word_1_225' title='bbox 389 2429 492 2491; x_wconf 90' lang='lat' dir='ltr'>eodem</span> <span class='ocrx_word' id='word_1_226' title='bbox 518 2430 631 2491; x_wconf 91' lang='lat' dir='ltr'>circulo</span> <span class='ocrx_word' id='word_1_227' title='bbox 656 2430 815 2493; x_wconf 88' lang='lat' dir='ltr'>scribetur.</span> <span class='ocrx_word' id='word_1_228' title='bbox 859 2432 939 2492; x_wconf 91' lang='lat' dir='ltr'>hunc</span> <span class='ocrx_word' id='word_1_229' title='bbox 964 2431 1087 2509; x_wconf 88' lang='lat' dir='ltr'>quidam</span> 
     </span>
     <span class='ocr_line' id='line_1_28' title="bbox 118 2516 1088 2596; baseline 0.001 -20"><span class='ocrx_word' id='word_1_230' title='bbox 118 2521 310 2595; x_wconf 89' lang='lat' dir='ltr'>conspectum</span> <span class='ocrx_word' id='word_1_231' title='bbox 326 2531 386 2574; x_wconf 92' lang='lat' dir='ltr'>non</span> <span class='ocrx_word' id='word_1_232' title='bbox 401 2531 613 2594; x_wconf 90' lang='lat' dir='ltr'>usquequaque</span> <span class='ocrx_word' id='word_1_233' title='bbox 626 2523 820 2596; x_wconf 89' lang='lat' dir='ltr'>receperunt,</span> <span class='ocrx_word' id='word_1_234' title='bbox 837 2516 915 2595; x_wconf 92' lang='lat' dir='ltr'>quod</span> <span class='ocrx_word' id='word_1_235' title='bbox 931 2516 1088 2577; x_wconf 90' lang='lat' dir='ltr'>minimum</span> 
     </span>
    </p>

    <p class='ocr_par' dir='ltr' id='par_1_6' title="bbox 85 2599 1088 2678">
     <span class='ocr_line' id='line_1_29' title="bbox 85 2599 1088 2678; baseline 0.003 -20"><span class='ocrx_word' id='word_1_236' title='bbox 85 2608 100 2658; x_wconf 81' lang='lat'>8</span> <span class='ocrx_word' id='word_1_237' title='bbox 119 2599 155 2660; x_wconf 92' lang='lat' dir='ltr'>ad</span> <span class='ocrx_word' id='word_1_238' title='bbox 176 2599 375 2660; x_wconf 85' lang='lat' dir='ltr'>maturitatem</span> <span class='ocrx_word' id='word_1_239' title='bbox 396 2607 499 2678; x_wconf 85' lang='lat' dir='ltr'>partus</span> <span class='ocrx_word' id='word_1_240' title='bbox 519 2600 673 2661; x_wconf 89' lang='lat' dir='ltr'>videbatur</span> <span class='ocrx_word' id='word_1_241' title='bbox 697 2600 844 2661; x_wconf 81' lang='lat' dir='ltr'>conferre.</span> <span class='ocrx_word' id='word_1_242' title='bbox 875 2618 943 2660; x_wconf 91' lang='lat' dir='ltr'>cum</span> <span class='ocrx_word' id='word_1_243' title='bbox 962 2617 1033 2661; x_wconf 85' lang='lat' dir='ltr'>vero</span> <span class='ocrx_word' id='word_1_244' title='bbox 1056 2602 1088 2661; x_wconf 91' lang='lat' dir='ltr'>in</span> 
     </span>
    </p>
   </div>
   <div class='ocr_carea' id='block_1_3' title="bbox 116 2885 1093 3221">
    <p class='ocr_par' dir='ltr' id='par_1_7' title="bbox 116 2885 1093 3221">
     <span class='ocr_line' id='line_1_30' title="bbox 187 2885 1018 2951; baseline 0.002 -18"><span class='ocrx_word' id='word_1_245' title='bbox 187 2887 200 2933; x_wconf 92' lang='lat' dir='ltr'>l</span> <span class='ocrx_word' id='word_1_246' title='bbox 218 2886 296 2948; x_wconf 86' lang='lat' dir='ltr'>greci</span> <span class='ocrx_word' id='word_1_247' title='bbox 318 2885 344 2933; x_wconf 93' lang='lat' dir='ltr'><em>V</em></span> <span class='ocrx_word' id='word_1_248' title='bbox 409 2888 434 2937; x_wconf 87' lang='lat'>9.</span> <span class='ocrx_word' id='word_1_249' title='bbox 458 2890 486 2934; x_wconf 88' lang='lat' dir='ltr'>et</span> <span class='ocrx_word' id='word_1_250' title='bbox 507 2887 568 2936; x_wconf 86' lang='lat' dir='ltr'>add.</span> <span class='ocrx_word' id='word_1_251' title='bbox 589 2885 711 2936; x_wconf 74' lang='lat' dir='ltr'>Cauchius</span> <span class='ocrx_word' id='word_1_252' title='bbox 780 2888 820 2938; x_wconf 87' lang='grc'>10.</span> <span class='ocrx_word' id='word_1_253' title='bbox 838 2900 974 2951; x_wconf 78' lang='grc' dir='ltr'><strong>ρεορειεε</strong></span> <span class='ocrx_word' id='word_1_254' title='bbox 992 2887 1018 2935; x_wconf 87' lang='lat' dir='ltr'><em>D</em></span> 
     </span>
     <span class='ocr_line' id='line_1_31' title="bbox 117 2952 1090 3018; baseline 0.002 -16"><span class='ocrx_word' id='word_1_255' title='bbox 117 2955 158 3002; x_wconf 78' lang='lat'>12.</span> <span class='ocrx_word' id='word_1_256' title='bbox 183 2963 293 3002; x_wconf 76' lang='lat' dir='ltr'>nument</span> <span class='ocrx_word' id='word_1_257' title='bbox 309 2953 334 3000; x_wconf 90' lang='lat' dir='ltr'><em>D</em></span> <span class='ocrx_word' id='word_1_258' title='bbox 396 2953 473 3017; x_wconf 85' lang='lat' dir='ltr'>greci</span> <span class='ocrx_word' id='word_1_259' title='bbox 495 2952 521 3001; x_wconf 87' lang='lat' dir='ltr'><em>V</em></span> <span class='ocrx_word' id='word_1_260' title='bbox 582 2953 974 3018; x_wconf 79' lang='lat' dir='ltr'>cognominarunt—moeres</span> <span class='ocrx_word' id='word_1_261' title='bbox 992 2969 1040 3007; x_wconf 89' lang='lat' dir='ltr'>om.</span> <span class='ocrx_word' id='word_1_262' title='bbox 1063 2954 1090 3003; x_wconf 88' lang='lat' dir='ltr'><em>V</em></span> 
     </span>
     <span class='ocr_line' id='line_1_32' title="bbox 118 3017 1087 3085; baseline 0.002 -16"><span class='ocrx_word' id='word_1_263' title='bbox 118 3022 159 3070; x_wconf 84' lang='lat'>13.</span> <span class='ocrx_word' id='word_1_264' title='bbox 182 3017 251 3085; x_wconf 84' lang='lat' dir='ltr'>quob</span> <span class='ocrx_word' id='word_1_265' title='bbox 270 3033 319 3069; x_wconf 85' lang='lat' dir='ltr'>eas</span> <span class='ocrx_word' id='word_1_266' title='bbox 338 3019 363 3068; x_wconf 87' lang='grc' dir='ltr'>Ι)</span> <span class='ocrx_word' id='word_1_267' title='bbox 433 3020 474 3073; x_wconf 87' lang='grc'>14.</span> <span class='ocrx_word' id='word_1_268' title='bbox 492 3019 546 3070; x_wconf 85' lang='lat' dir='ltr'>bae</span> <span class='ocrx_word' id='word_1_269' title='bbox 569 3022 596 3070; x_wconf 90' lang='lat' dir='ltr'><em>V</em></span> <span class='ocrx_word' id='word_1_270' title='bbox 660 3021 760 3085; x_wconf 80' lang='lat' dir='ltr'>uenlur</span> <span class='ocrx_word' id='word_1_271' title='bbox 782 3036 873 3071; x_wconf 79' lang='lat' dir='ltr'>ruera</span> <span class='ocrx_word' id='word_1_272' title='bbox 890 3021 915 3070; x_wconf 87' lang='lat' dir='ltr'><em>D</em></span> <span class='ocrx_word' id='word_1_273' title='bbox 938 3026 998 3071; x_wconf 83' lang='lat' dir='ltr'>onte</span> <span class='ocrx_word' id='word_1_274' title='bbox 1019 3037 1087 3083; x_wconf 73' lang='lat' dir='ltr'>rac,</span> 
     </span>
     <span class='ocr_line' id='line_1_33' title="bbox 116 3087 1087 3153; baseline 0.003 -17"><span class='ocrx_word' id='word_1_275' title='bbox 116 3088 322 3151; x_wconf 66' lang='lat' dir='ltr'>uenctleerasra</span> <span class='ocrx_word' id='word_1_276' title='bbox 345 3088 365 3137; x_wconf 85' lang='lat' dir='ltr'>d</span> <span class='ocrx_word' id='word_1_277' title='bbox 432 3102 486 3151; x_wconf 83' lang='lat' dir='ltr'>qua</span> <span class='ocrx_word' id='word_1_278' title='bbox 507 3087 574 3150; x_wconf 88' lang='lat' dir='ltr'>DV,</span> <span class='ocrx_word' id='word_1_279' title='bbox 606 3088 707 3153; x_wconf 84' lang='lat' dir='ltr'>quiad</span> <span class='ocrx_word' id='word_1_280' title='bbox 775 3090 815 3142; x_wconf 80' lang='lat'>15.</span> <span class='ocrx_word' id='word_1_281' title='bbox 839 3103 1000 3139; x_wconf 68' lang='lat' dir='ltr'>nascendus</span> <span class='ocrx_word' id='word_1_282' title='bbox 1022 3089 1087 3149; x_wconf 86' lang='lat' dir='ltr'>DV,</span> 
     </span>
     <span class='ocr_line' id='line_1_34' title="bbox 116 3152 1093 3221; baseline 0.001 -16"><span class='ocrx_word' id='word_1_283' title='bbox 116 3154 323 3205; x_wconf 62' lang='lat' dir='ltr'>corcedomus</span> <span class='ocrx_word' id='word_1_284' title='bbox 393 3156 432 3205; x_wconf 86' lang='lat'>19.</span> <span class='ocrx_word' id='word_1_285' title='bbox 453 3157 497 3205; x_wconf 84' lang='grc' dir='ltr'>εει</span> <span class='ocrx_word' id='word_1_286' title='bbox 513 3157 543 3204; x_wconf 89' lang='lat' dir='ltr'>in</span> <span class='ocrx_word' id='word_1_287' title='bbox 560 3170 613 3206; x_wconf 90' lang='lat' dir='ltr'>uno</span> <span class='ocrx_word' id='word_1_288' title='bbox 635 3156 664 3205; x_wconf 89' lang='lat' dir='ltr'><em>V</em></span> <span class='ocrx_word' id='word_1_289' title='bbox 727 3158 768 3208; x_wconf 77' lang='lat'>22.</span> <span class='ocrx_word' id='word_1_290' title='bbox 786 3152 914 3221; x_wconf 84' lang='lat' dir='ltr'>vocatur]</span> <span class='ocrx_word' id='word_1_291' title='bbox 935 3155 1039 3207; x_wconf 85' lang='lat' dir='ltr'>dieitur</span> <span class='ocrx_word' id='word_1_292' title='bbox 1062 3156 1093 3206; x_wconf 92' lang='lat' dir='ltr'><em>V</em></span> 
     </span>
    </p>
   </div>
   <div class='ocr_carea' id='block_1_4' title="bbox 116 3217 1087 3526">
    <p class='ocr_par' dir='ltr' id='par_1_8' title="bbox 116 3217 1087 3526">
     <span class='ocr_line' id='line_1_35' title="bbox 494 3217 507 3252; baseline 0 0"><span class='ocrx_word' id='word_1_293' title='bbox 494 3217 507 3252; x_wconf 90' lang='grc' dir='ltr'><strong>ε</strong></span> 
     </span>
     <span class='ocr_line' id='line_1_36' title="bbox 117 3255 1087 3321; baseline 0.002 -14"><span class='ocrx_word' id='word_1_294' title='bbox 117 3256 347 3309; x_wconf 64' lang='lat' dir='ltr'>saraziano-non</span> <span class='ocrx_word' id='word_1_295' title='bbox 365 3256 403 3318; x_wconf 87' lang='grc' dir='ltr'>Ι),</span> <span class='ocrx_word' id='word_1_296' title='bbox 428 3256 629 3311; x_wconf 70' lang='grc' dir='ltr'><strong>καταξατωεοε</strong></span> <span class='ocrx_word' id='word_1_297' title='bbox 652 3257 678 3306; x_wconf 92' lang='lat' dir='ltr'><em>V</em></span> <span class='ocrx_word' id='word_1_298' title='bbox 695 3255 719 3321; x_wconf 89' lang='grc' dir='ltr'><strong>(ε</strong></span> <span class='ocrx_word' id='word_1_299' title='bbox 737 3258 798 3309; x_wconf 78' lang='lat' dir='ltr'>odd.</span> <span class='ocrx_word' id='word_1_300' title='bbox 815 3272 846 3307; x_wconf 81' lang='lat' dir='ltr'>m.</span> <span class='ocrx_word' id='word_1_301' title='bbox 865 3257 929 3320; x_wconf 83' lang='lat' dir='ltr'>rec.)</span> <span class='ocrx_word' id='word_1_302' title='bbox 999 3258 1041 3309; x_wconf 76' lang='lat'>23.</span> <span class='ocrx_word' id='word_1_303' title='bbox 1060 3259 1087 3309; x_wconf 81' lang='grc' dir='ltr'><strong>εἰ</strong></span> 
     </span>
     <span class='ocr_line' id='line_1_37' title="bbox 116 3322 1087 3389; baseline 0 -14"><span class='ocrx_word' id='word_1_304' title='bbox 116 3330 148 3375; x_wconf 88' lang='lat' dir='ltr'>ut</span> <span class='ocrx_word' id='word_1_305' title='bbox 166 3325 271 3383; x_wconf 77' lang='lat' dir='ltr'>Carrio,</span> <span class='ocrx_word' id='word_1_306' title='bbox 295 3338 338 3375; x_wconf 79' lang='lat' dir='ltr'>ruo</span> <span class='ocrx_word' id='word_1_307' title='bbox 355 3324 393 3384; x_wconf 87' lang='grc' dir='ltr'>Ι),</span> <span class='ocrx_word' id='word_1_308' title='bbox 418 3323 495 3375; x_wconf 82' lang='lat' dir='ltr'>onius</span> <span class='ocrx_word' id='word_1_309' title='bbox 514 3324 575 3375; x_wconf 90' lang='lat' dir='ltr'>dV</span> <span class='ocrx_word' id='word_1_310' title='bbox 583 3324 680 3375; x_wconf 81' lang='lat' dir='ltr'>Iobnac</span> <span class='ocrx_word' id='word_1_311' title='bbox 748 3325 790 3374; x_wconf 79' lang='lat'>25.</span> <span class='ocrx_word' id='word_1_312' title='bbox 809 3338 900 3375; x_wconf 80' lang='lat' dir='ltr'>nunno</span> <span class='ocrx_word' id='word_1_313' title='bbox 918 3324 974 3375; x_wconf 82' lang='lat' dir='ltr'>DV</span> <span class='ocrx_word' id='word_1_314' title='bbox 991 3322 1087 3389; x_wconf 79' lang='lat' dir='ltr'>(ortum</span> 
     </span>
     <span class='ocr_line' id='line_1_38' title="bbox 117 3391 1085 3458; baseline 0 -16"><span class='ocrx_word' id='word_1_315' title='bbox 117 3407 152 3443; x_wconf 83' lang='lat' dir='ltr'>eac</span> <span class='ocrx_word' id='word_1_316' title='bbox 169 3391 276 3457; x_wconf 78' lang='lat' dir='ltr'>nantes)</span> <span class='ocrx_word' id='word_1_317' title='bbox 347 3404 547 3443; x_wconf 71' lang='lat' dir='ltr'>seminabantur</span> <span class='ocrx_word' id='word_1_318' title='bbox 565 3393 589 3442; x_wconf 85' lang='lat' dir='ltr'><em>D</em></span> <span class='ocrx_word' id='word_1_319' title='bbox 658 3405 775 3458; x_wconf 72' lang='lat' dir='ltr'>exeqom</span> <span class='ocrx_word' id='word_1_320' title='bbox 797 3405 1030 3456; x_wconf 79' lang='lat' dir='ltr'>aequaneaenems</span> <span class='ocrx_word' id='word_1_321' title='bbox 1048 3392 1085 3451; x_wconf 87' lang='lat' dir='ltr'>D,</span> 
     </span>
     <span class='ocr_line' id='line_1_39' title="bbox 118 3458 1087 3526; baseline 0.001 -16"><span class='ocrx_word' id='word_1_322' title='bbox 118 3461 272 3526; x_wconf 79' lang='lat' dir='ltr'>exagoniae</span> <span class='ocrx_word' id='word_1_323' title='bbox 286 3458 332 3524; x_wconf 90' lang='lat' dir='ltr'>qui</span> <span class='ocrx_word' id='word_1_324' title='bbox 343 3459 474 3510; x_wconf 82' lang='lat' dir='ltr'>lateratis</span> <span class='ocrx_word' id='word_1_325' title='bbox 489 3460 518 3509; x_wconf 95' lang='lat' dir='ltr'><em>V</em></span> <span class='ocrx_word' id='word_1_326' title='bbox 577 3461 620 3511; x_wconf 76' lang='lat'>26.</span> <span class='ocrx_word' id='word_1_327' title='bbox 634 3474 820 3512; x_wconf 75' lang='lat' dir='ltr'>scnweaerua</span> <span class='ocrx_word' id='word_1_328' title='bbox 831 3461 892 3523; x_wconf 85' lang='lat' dir='ltr'>DV,</span> <span class='ocrx_word' id='word_1_329' title='bbox 905 3477 974 3514; x_wconf 81' lang='lat' dir='ltr'>corr.</span> <span class='ocrx_word' id='word_1_330' title='bbox 985 3460 1087 3511; x_wconf 77' lang='lat' dir='ltr'>labana</span> 
     </span>
    </p>
   </div>
   <div class='ocr_carea' id='block_1_5' title="bbox 0 0 1205 3848">
    <p class='ocr_par' dir='ltr' id='par_1_9' title="bbox 0 0 1205 3848">
     <span class='ocr_line' id='line_1_40' title="bbox 0 0 1205 3848; baseline 0 0"><span class='ocrx_word' id='word_1_331' title='bbox 0 0 1205 3848; x_wconf 95' lang='lat' dir='ltr'> </span> 
     </span>
    </p>
   </div>
  </div>
 </body>
</html>
