2400 3848
137 173 176 236 16
400 186 448 232 nn
470 185 533 231 nm
555 184 689 232 nurum
712 183 787 231 car.
803 185 837 231 x.

135 328 214 387 xime
234 320 349 386 vid'ctur
376 323 530 386 accedere.
567 321 614 383 alii
635 324 712 383 enim
733 322 883 402 plerique,
911 339 980 383 cum
1001 340 1115 386 omnes

135 418 238 489 partus
253 428 313 469 non
335 427 394 469 uno
411 415 544 487 tempore
559 408 631 467 liant
645 409 768 477 maturi,
791 424 850 468 una
864 414 963 467 tamen
986 407 1113 469 eadem·

137 514 194 574 que
210 502 344 573 tempora
368 492 505 552 omnibus
522 492 741 552 conformandis
765 490 925 561 dederunt;
949 497 982 551 ut
998 492 1112 571 Dioge·

137 596 190 640 nos
205 576 420 656 Apolloniates,
444 579 496 653 qui
511 575 648 636 masculis
669 593 778 654 corpus
799 577 838 635 ait
859 581 999 653 quattuor
1020 594 1111 638 men·

136 663 218 723 sibus
233 663 356 723 formari
372 669 400 721 et
416 662 532 721 leminis
548 662 693 740 quinque,
715 659 760 719 vel
778 660 910 737 Hippon,
932 660 983 737 qui
1000 659 1110 723 diebus
1127 674 1143 723 5

136 762 184 807 nx
211 747 354 806 infantem
377 745 480 805 scribit
500 745 638 813 formari,
670 755 699 805 et
719 752 824 824 quarto
851 760 954 804 mense
983 761 1111 807 carnem

136 832 200 892 lieri
216 837 399 899 concretam,
423 832 525 910 quinto
541 846 655 907 ungues
670 827 843 906 capillumve
859 829 954 896 nasci,
976 830 1109 904 septimo

102 917 193 978 aiam
216 916 365 975 hominem
389 932 452 975 esse
474 916 657 991 perlectum:
686 913 867 992 Pythagoras
888 919 1002 981 autem,
1026 912 1109 991 quod

136 1007 200 1061 crat
221 997 407 1068 credibilius,
435 999 506 1058 dixit
531 1005 634 1076 partus
656 1015 720 1058 esse
742 1012 852 1075 genera
872 996 946 1065 duc,
978 995 1108 1057 alterum

135 1090 249 1162 septem
266 1100 411 1152 mensum,
428 1081 553 1143 alterum
570 1082 682 1153 decem,
698 1081 749 1142 scd
761 1081 892 1160 priorem
908 1079 971 1140 aliis
987 1078 1108 1143 dierum
1125 1092 1148 1141 lt

135 1168 269 1228 numeris
285 1167 473 1241 conformari,
491 1165 554 1226 aliis
570 1168 776 1245 posteriorem.
810 1183 860 1225 eos
875 1181 945 1226 vero
961 1181 1108 1227 numeros

136 1253 186 1328 qui
203 1254 234 1311 in
249 1268 309 1312 uno
324 1269 442 1330 quoqne
457 1259 545 1329 partu
560 1250 668 1331 aliquid
684 1251 822 1311 adierunt
837 1249 1016 1320 mutationis,
1034 1249 1107 1311 dum

137 1343 187 1395 aut
210 1352 313 1395 semen
335 1337 365 1395 in
380 1337 553 1413 sanguinem
575 1343 625 1395 aut
639 1336 759 1413 sanguis
779 1335 810 1393 in
826 1351 947 1395 carnem
968 1341 1019 1395 aut
1034 1351 1106 1394 caro

135 1420 164 1478 in
187 1418 315 1480 hominis
335 1421 459 1498 liguram
484 1421 679 1490 convertitur,
709 1420 786 1480 inter
806 1435 838 1478 se
859 1417 992 1479 conlatos
1012 1418 1105 1479 ratio·

135 1522 204 1564 nem
229 1503 342 1565 habere
369 1523 433 1565 eam
463 1522 549 1582 quam
577 1522 664 1565 voces
690 1502 801 1563 habent
826 1520 902 1580 quae
928 1504 958 1562 in
986 1503 1100 1563 musice
1119 1511 1148 1561 15

136 1585 305 1664 (ύμφωνοι
319 1595 471 1649 vocantur.

84 1678 122 1739 10
200 1671 258 1732 Sed
274 1672 347 1732 haec
363 1690 421 1750 quo
437 1673 497 1732 sint
510 1669 661 1732 intellectu
677 1672 840 1749 apertiora,
855 1672 938 1749 prius
953 1668 1052 1749 aliqua
1069 1669 1106 1730 de

136 1757 266 1815 musicae
281 1755 393 1833 regulis
408 1756 477 1815 huic
497 1753 562 1815 loco
579 1756 743 1815 necessaria
761 1755 909 1823 dicentur,
932 1773 967 1814 eo
984 1752 1105 1832 quidem

135 1840 243 1917 magis,
276 1840 354 1918 quod
381 1859 414 1900 ea
436 1839 531 1900 dicam
559 1858 634 1918 quae
661 1840 732 1917 ipsis
759 1839 878 1899 musicis
903 1839 1003 1916 ignota
1024 1845 1104 1898 sunt.

102 1936 117 1983 2
137 1941 204 1984 nam
228 1942 316 1984 sonos
339 1926 467 1985 scienter
488 1930 651 1984 tractavere
670 1932 699 1984 et
719 1923 895 2000 congruenti
915 1922 1020 1982 ordine
1035 1922 1104 1983 red·
1121 1930 1148 1980 nt

137 2006 239 2067 didere
255 2007 373 2067 illorum
390 2033 419 2077 a,
438 2009 509 2085 ipsis
524 2013 622 2068 antem
638 2010 718 2067 sonis
733 2013 866 2066 motuum
882 2006 1004 2067 modum
1019 2024 1104 2067 men·

101 2104 117 2152 3
136 2108 295 2169 curamque
315 2093 456 2152 invenere
472 2098 640 2168 geometrae
655 2092 747 2168 magis
764 2109 850 2170 quam
866 2092 980 2152 musici.
1011 2090 1105 2166 igitur

135 2176 247 2236 musica
271 2182 315 2235 est
335 2176 456 2236 scicntia
478 2174 555 2237 bene
579 2174 765 2235 modulandi:
789 2176 863 2236 haec
884 2182 982 2236 autem
1006 2176 1105 2235 estin

134 2277 222 2319 voce:
246 2260 297 2319 sed
323 2278 376 2319 vox
397 2260 467 2321 alias
488 2261 605 2337 gravior
627 2261 766 2329 mittitur,
789 2258 860 2319 alias
883 2259 1006 2320 acutior.
1043 2260 1104 2319 sin·

135 2342 221 2419 gulae
236 2350 335 2405 tamon
347 2362 434 2405 voces
445 2344 592 2423 simplices
608 2352 637 2405 et
651 2352 811 2422 utcumque
827 2345 951 2404 emissae
963 2339 1106 2420 φθόγγοι
1121 2350 1148 2401 et

137 2436 292 2488 vocantur:
317 2427 475 2489 discrimen
490 2446 575 2499 vero,
592 2447 650 2507 quo
666 2426 740 2489 alter
755 2426 901 2505 φθόγγο(
917 2428 1031 2488 acutior
1048 2435 1103 2498 est,

100 2521 118 2570 4
136 2510 209 2571 alter
230 2513 360 2589 gravior,
384 2511 549 2591 appellatur
568 2511 728 2589 διάετημα.
774 2514 849 2573 inter
869 2512 1000 2573 infimam
1021 2530 1104 2573 sum-

136 2613 274 2675 mamque
285 2614 387 2657 vocem
399 2595 490 2657 multa
505 2613 570 2658 esse
585 2604 709 2675 possunt
723 2597 753 2656 in
770 2596 873 2657 ordine
884 2597 979 2675 posita
995 2594 1103 2677 [quae]

137 2680 306 2741 diastemata
327 2680 382 2740 alia
404 2678 466 2741 aliis
488 2682 600 2741 maiora
624 2682 790 2751 minorare,
813 2688 847 2742 ut
869 2687 912 2741 est
933 2680 1005 2741 illud
1022 2682 1104 2759 quod

204 2983 227 3030 1.
247 2993 333 3033 omme
352 2997 387 3031 ee·
404 2994 510 3047 omnes,
528 2987 650 3032 incertum
667 3000 701 3032 eta
718 2999 735 3033 a
752 2986 821 3047 1m.,
839 2985 864 3031 Ι)
932 2985 957 3033 4.
978 2982 1105 3048 appollo·

133 3049 226 3099 nieles
248 3049 274 3098 V
335 3050 359 3101 ὁ.
377 3049 488 3115 hyppon
509 3050 537 3100 V
595 3053 620 3102 ⁷.
639 3049 823 3116 capillumque
840 3054 912 3114 culpo
976 3054 1017 3104 11.
1036 3066 1134 3111 com,

134 3128 252 3167 ormnem
270 3118 295 3167 D
365 3118 405 3167 12.
424 3117 546 3183 anitqutlt
564 3120 589 3168 D
658 3118 752 3168 ferunt
778 3120 804 3168 V
871 3120 911 3169 17.
935 3132 1105 3182 quostnren-

134 3199 223 3234 necru
234 3186 259 3234 D
312 3186 353 3235 21.
371 3188 472 3235 nononis
485 3186 545 3245 DV,
562 3184 672 3237 illorum
685 3182 821 3249 ἁρμονίαν
833 3188 899 3237 coni.
913 3186 1102 3247 Laomedonue,

134 3252 283 3316 illosaulpo
336 3254 493 3302 morruml)
562 3256 603 3304 22.
624 3256 824 3319 peomeneeD,
845 3256 911 3304 tende
929 3255 1103 3319 geometriae

133 3320 195 3383 fecit
222 3336 253 3372 m.
281 3322 456 3371 recentissima
523 3324 564 3372 25.
592 3321 710 3384 pdonrot
732 3323 757 3371 D
780 3329 806 3370 et
833 3321 860 3370 V
885 3337 955 3374 corr.
983 3338 1014 3371 m,
1036 3338 1102 3385 rec,

135 3387 282 3449 opticmoc
309 3389 336 3438 V
340 3388 349 3420 ¹
418 3391 459 3439 26.
482 3391 607 3451 peomne
624 3390 649 3438 D
672 3396 698 3440 et
719 3390 745 3437 V
761 3404 830 3441 corr.
848 3405 880 3439 m.
898 3405 965 3449 ree,
989 3390 1105 3453 nunon-

135 3466 180 3504 το(
202 3454 240 3503 1²¹
311 3458 351 3507 28.
371 3470 441 3520 quae
459 3459 562 3508 seclusit
580 3457 677 3507 Iatour
746 3458 787 3507 29.
805 3470 887 3507 tnnur
905 3458 930 3507 D
