2400 3848
408 111 410 116 ’
475 137 686 187 rusursmo.
1023 140 1063 186 ix

90 280 153 343 bus
176 274 280 339 multa
295 296 353 340 suo
376 273 513 341 arbitrio
536 274 731 355 variavisse‚
755 283 790 338 at
811 285 899 341 certe
921 296 959 340 eo
974 296 1063 361 pau-

94 388 186 454 ciora
208 405 271 471 quo
294 385 493 451 vetustiores
516 391 593 449 sunt
614 383 692 450 libri
712 406 811 450 manu
839 385 966 470 scripti.
1009 385 1062 450 Ita

90 519 166 563 cum
192 499 253 560 hac
280 495 381 559 etiam
400 495 443 560 ‚in
471 516 506 558 re
534 494 715 559 secundum
742 495 973 581 antiquissima
998 517 1063 560 ve-

95 607 194 690 stigia
215 603 528 681 Censorinilibrum
552 602 710 669 ediderim
717 640 740 685 ‚·
755 604 887 670 minime
910 604 1061 690 equidem

94 716 253 781 affirmem
280 717 315 778 in
344 715 497 781 omnibus
519 737 571 780 me
600 715 705 800 ipsius
733 716 902 801 scriptoris
929 737 1063 779 manum

93 834 375 912 repraesentasse3
403 822 466 889 hoc
487 835 599 890 tamen
620 824 718 890 facile
739 847 929 890 concessum
950 825 990 888 iri
1013 847 1062 889 ar·

93 937 214 1016 bitror,
252 933 377 1020 nullam
408 933 506 1000 aliam
533 935 694 1001 rationem
727 935 870 1000 inveniri
902 935 1062 1021 potuisse,

93 1069 159 1132 qua
180 1045 316 1131 propius
338 1044 381 1110 ad
402 1067 515 1110 verum
539 1045 759 1110 accederetur.
804 1043 977 1110 Nonnullis
1000 1067 1065 1110 au-

93 1168 160 1222 tem
186 1155 266 1220 loeis
294 1155 368 1240 ipsa
396 1155 518 1221 codicis
548 1154 669 1220 menda
694 1154 815 1220 indicio
837 1155 972 1220 fuerumt
998 1155 1064 1220 alia

93 1266 171 1333 olim
192 1266 316 1350 scripta
330 1263 443 1329 fuisse.
488 1263 589 1332 Velut
610 1288 640 1351 p.
657 1265 711 1346 44,
726 1265 767 1330 27
791 1275 880 1331 recte
902 1267 937 1329 in
952 1265 1066 1330 codice

94 1385 227 1440 exstare
241 1373 374 1440 videtur
389 1393 492 1450 annos,
516 1374 603 1460 quod
619 1396 814 1459 suspensum
831 1377 895 1440 fuit
917 1397 959 1439 ex
980 1395 1065 1439 eom-

92 1496 240 1564 puturuut
267 1484 321 1550 vel
349 1483 448 1549 simili
476 1485 621 1570 quodam
647 1483 749 1549 verbo
772 1507 858 1550 nunc
885 1486 921 1548 in
942 1484 1065 1550 maiore

93 1595 212 1659 lacuna
235 1593 371 1675 omiss03
395 1595 461 1658 iam
483 1615 558 1658 oum
572 1593 649 1659 huic
671 1596 859 1660 accusativo
880 1595 933 1660 bis
949 1596 989 1679 jn
1004 1617 1066 1661 co-

96 1705 169 1768 dice
192 1704 379 1789 appositum
402 1703 445 1766 sit
467 1709 674 1785 quadriremi,
699 1704 844 1769 dubitari
865 1706 925 1769 vix
945 1713 1066 1790 potest,

95 1813 176 1898 quin
197 1822 334 1897 utroque
363 1811 434 1895 loco
458 1827 542 1876 0000
570 1812 734 1878 invenerit
761 1811 916 1879 librarius
944 1835 1065 1899 easque

95 1932 189 1987 notas
211 1920 362 2006 imperite
383 1920 418 1983 in
433 1918 560 1984 litteras
583 1923 838 2006 transcripserit.
873 1922 1001 1987 Eadem
1024 1924 1067 1987 de

98 2052 198 2095 causa
220 2054 252 2116 p.
268 2030 319 2110 37,
338 2031 372 2112 7,
395 2030 454 2095 ubi
471 2035 605 2109 primum
628 2032 733 2095 estin
756 2031 882 2117 codice,
906 2033 1065 2097 emenda*

96 2153 149 2205 tae
171 2138 271 2224 vulgo
301 2141 483 2224 scripturae
505 2159 597 2204 unum
622 2140 763 2224 praetuli
785 2150 897 2207 notam
918 2159 947 2223 1,
982 2165 1066 2228 quae

96 2250 160 2314 nisi
195 2248 272 2315 olim
300 2240 408 2328 locum
436 2250 648 2330 obtinuisset,
685 2271 751 2334 qua
778 2249 912 2314 tandem
938 2253 1066 2316 ratione

96 2358 179 2424 illud
206 2359 399 2423 mendosum
426 2367 561 2438 primum
589 2359 668 2422 oriri
694 2360 822 2444 potuit?
860 2360 1066 2449 Quamquam

96 2491 162 2533 non
189 2489 241 2532 me
267 2467 355 2552 fugit
381 2466 522 2554 relinqui
549 2479 587 2533 ut
613 2468 676 2535 hoc
704 2478 883 2552 statuatur,
921 2471 964 2537 ab
991 2472 1065 2557 ipso

97 2577 257 2663 scriptore
284 2577 427 2663 positum
449 2600 521 2643 esse
549 2598 654 2653 unum,
681 2577 781 2664 idque
802 2590 919 2665 postea
944 2581 979 2644 in
1001 2603 1067 2646 no-

96 2700 165 2754 tam
186 2695 365 2769 mutatum,
389 2686 528 2774 (lenique
549 2710 568 2752 e
589 2697 669 2754 nota
685 2695 819 2768 primum
833 2688 961 2753 factum
984 2712 1067 2756 esse.

97 2796 163 2862 Sed
186 2818 227 2861 ne
248 2797 285 2860 in
306 2797 462 2862 minutias
485 2798 649 2878 aberrem,
673 2795 754 2860 nihil
776 2797 896 2862 nisi'in
911 2820 947 2862 re
970 2800 1066 2866 dubi-

96 2907 231 2971 tationis
254 2889 352 2992 plena
373 2905 629 2991 probabiliorem
650 2908 812 2971 rationem
833 2906 987 2992 amplecti
1009 2932 1066 2974 vo-

96 3014 160 3096 lui,
200 3036 271 3080 cum
299 3017 405 3100 ipsam
433 3038 546 3082 veram
573 3016 721 3082 invenire
749 3038 814 3081 non
840 3015 963 3082 liceret.
1013 3020 1068 3084 De

97 3124 234 3189 Graecis
247 3125 416 3191 vocabulis
431 3148 531 3189 unum
547 3127 610 3191 hoo
625 3127 719 3203 addo,
736 3126 950 3191 Censorinum
964 3126 1067 3193 multo

96 3232 193 3320 plura
214 3236 331 3300 Latine
353 3259 451 3321 quam
475 3235 601 3301 Graece
624 3238 793 3322 scripsisse
815 3235 937 3318 videri,
951 3237 1068 3322 'siqui-

97 3345 171 3408 dem
194 3354 282 3409 rectc
297 3345 420 3410 Iahnus
444 3345 578 3412 dimidio
601 3346 670 3411 fere
692 3347 799 3411 rarius
823 3348 1069 3432 quampriores
