2400 3848
135 148 180 211 24
359 163 431 211 -uu
453 163 516 209 otu
539 162 672 210 uanam
695 162 770 210 eae.
787 162 859 210 xrv.

138 300 221 363 caelo
237 320 352 363 summo
369 302 406 363 ad
422 301 515 364 solem
532 302 674 363 diastema
698 319 762 362 esse
778 301 825 362 dia
842 307 994 371 tessaron,
1017 301 1049 363 id
1066 310 1110 364 est

138 387 266 448 duorum
281 394 422 449 tonorum
445 396 475 447 et
490 385 606 457 dimidi,
629 385 666 446 ad
681 392 779 447 terrae
795 392 893 447 autem
909 387 1111 448 summitatem

137 472 174 532 ab
199 471 304 532 eodem
324 470 405 532 caelo
428 479 514 532 tonos
536 489 602 532 esse
621 488 687 546 sex,
718 470 872 548 inquibus
893 471 932 531 sit
952 470 1110 550 diapason

139 556 324 637 symphonia.
354 563 509 635 praeterea
524 554 614 617 multa
631 572 706 632 quae
721 556 827 615 musici
842 555 970 615 tractant·
984 555 1022 616 ad
1038 555 1110 616 alias

138 639 252 701 rettulit
266 639 365 701 stellas
381 647 411 700 et
425 640 505 700 hunc
526 657 645 700 omnem
659 639 804 701 muudum
827 640 1023 701 enarmonion
1043 659 1110 702 esse
1126 646 1140 698 5

139 724 277 786 ostendit.
309 742 401 802 quare
416 723 561 803 Dorylaus
576 725 696 802 scripsit
717 741 782 784 esse
797 724 942 785 mundum
963 718 1110 802 organum

139 809 202 870 dei:
237 807 285 868 alii
307 807 485 870 addiderunt
506 827 572 870 esse
598 808 629 868 id
651 806 870 886 ἑπτάχορδον,
901 809 969 887 quia
994 816 1109 886 septem

105 894 198 955 ssint
219 910 310 971 vagae
331 892 449 963 stellae,
481 911 556 971 quae
579 892 739 970 plurimum
761 899 945 953 moveantur.
989 893 1042 955 sed
1065 893 1110 954 bis

139 977 279 1038 omnibus
299 977 446 1039 subtiliter
466 976 628 1038 tractandis
648 976 696 1037 bic
717 976 800 1038 locus
821 994 882 1037 non
903 986 964 1045 est;
988 994 1066 1054 quae
1086 978 1110 1037 si

140 1059 244 1121 vellem
265 1063 296 1121 in
317 1079 411 1122 uuum
433 1060 542 1122 librum
564 1063 722 1139 separatim
748 1078 927 1138 congerere,
957 1068 1057 1121 tamen
1080 1063 1110 1122 iu
1126 1071 1149 1120 tt

140 1146 282 1222 angustiis
296 1164 447 1206 versarer:
471 1146 541 1224 quin
557 1146 671 1222 potius,
695 1148 833 1224 quoniam
848 1163 897 1205 me
911 1143 1028 1223 longius
1043 1145 1109 1206 dul-

140 1229 214 1290 cedo
229 1231 358 1290 musicae
372 1228 508 1301 abduxit,
525 1228 561 1289 ad
576 1231 760 1309 propositum
776 1237 919 1291 revertor.

86 1321 122 1377 14
202 1313 295 1388 lgitur
311 1314 449 1396 expositis
464 1315 499 1375 iis
514 1331 590 1393 quae
606 1321 674 1375 ante
689 1314 768 1375 diem
782 1313 910 1375 natalem
926 1321 1008 1384 suut,
1031 1331 1111 1375 nunc

139 1403 172 1457 ut
193 1395 410 1459 climactericoe
427 1400 498 1459 auni
513 1405 686 1470 noscantur,
707 1399 778 1478 quid
793 1398 830 1459 de
844 1397 986 1477 gradibus
1007 1400 1110 1460 aetatis

105 1495 122 1542 2
140 1482 288 1543 humanae
302 1500 423 1544 sensum
440 1483 477 1543 sit
491 1483 596 1544 dicam.
627 1481 720 1544 Varro
737 1485 865 1561 quinque
881 1482 991 1561 gradus
1006 1484 1110 1544 aetatis
1127 1492 1149 1540 tt

141 1566 335 1646 aequabiliter
360 1574 444 1644 putat
471 1584 535 1628 esso
555 1567 678 1637 divisos,
709 1584 801 1627 unum
828 1584 977 1645 quemque
998 1566 1111 1629 scilicet

140 1657 260 1727 praeter
283 1658 447 1711 extremum
463 1652 494 1710 in
510 1667 603 1710 annos
619 1664 675 1711 xv.
712 1653 814 1729 itaque
829 1652 924 1729 primo
945 1651 1042 1730 gradu
1063 1670 1110 1713 us·

141 1752 199 1812 que
220 1752 330 1795 annum
346 1748 394 1794 xv
418 1753 529 1814 pueros
543 1734 654 1805 dictos,
681 1735 761 1813 quod
776 1737 834 1795 siut
848 1737 932 1813 puri,
959 1735 991 1795 id
1007 1745 1051 1797 est
1066 1738 1110 1797 iu·

140 1817 245 1896 pubes.
277 1818 408 1880 secundo
424 1818 461 1882 ad
479 1820 681 1880 tricensimum
701 1837 811 1880 anuum
828 1819 1048 1891 adulescentes,
1072 1819 1108 1881 ab

141 1903 299 1965 olescendo
316 1905 358 1965 sio
372 1904 550 1965 nominatos.
583 1905 717 1965 intortio
733 1903 826 1982 gradu
843 1905 893 1982 qui
914 1912 1110 1985 eramusque
1126 1914 1149 1964 at

141 1990 272 2067 quinque
289 1995 318 2048 et
333 1988 526 2066 quadraginta
543 2006 651 2057 annos,
672 1989 785 2048 iuvenis
801 1986 963 2067 appellatos
979 2007 1015 2051 eo
1032 1989 1111 2068 quod

142 2090 206 2131 rem
221 2071 370 2149 publicam
386 2073 416 2130 in
432 2090 466 2133 re
481 2071 599 2132 militari
614 2080 736 2150 possent
751 2074 860 2133 iuvare.
889 2074 920 2132 iu
936 2082 1044 2151 quarto
1060 2091 1112 2134 au·

142 2164 201 2217 tem
231 2154 364 2234 adusque
389 2159 626 2233 sexagensimum
655 2174 767 2218 aunum
796 2158 928 2219 seniores
957 2160 1110 2227 vocitatos,

142 2239 223 2317 quod
245 2247 315 2301 tunc
335 2242 465 2319 primum
486 2257 643 2303 senescere
664 2241 946 2320 eorpusiociperet.
976 2242 1047 2303 inde
1062 2261 1111 2304 us·

142 2343 199 2402 que
220 2325 309 2385 tinem
326 2326 402 2386 vitae
422 2327 510 2387 unius
531 2327 671 2406 cuiusque
687 2327 823 2404 quintum
841 2326 968 2404 gradum
988 2326 1149 2395 factumn

141 2510 345 2519 .-.--——-·

210 2630 233 2677 1.
252 2625 439 2677 btouessanou
456 2626 518 2689 DV,
537 2624 581 2677 διὰ
592 2625 735 2691 τεεεάρων
751 2631 823 2692 culpo
892 2631 917 2682 2.
935 2627 1111 2681 btmtbtaren·

141 2709 193 2745 uae
213 2696 250 2756 I),
275 2693 492 2745 dimidiieterree
515 2696 545 2753 d,
574 2692 795 2746 dimidii-terroe
823 2695 849 2745 V
916 2708 1112 2748 summtaerom

139 2763 177 2821 Ι),
201 2764 360 2813 summitate
378 2761 430 2812 dV
497 2763 521 2811 3.
546 2759 692 2812 abeodem
710 2763 759 2830 Ι)Ι
803 2761 935 2828 brepasou
954 2765 992 2825 D,
1012 2765 1112 2830 diepe-

141 2844 192 2881 sen
213 2829 242 2878 V
256 2828 336 2892 (corr.
353 2829 433 2892 m.2),
451 2826 496 2879 διὰ
513 2831 612 2880 παεῶν
628 2832 701 2894 culpo
769 2831 795 2884 4.
813 2842 912 2880 muare
930 2847 962 2896 q,
980 2833 1005 2881 D
1076 2834 1126 2884 ad.

141 2896 277 2948 alicuem.
301 2896 328 2947 V
393 2898 419 2947 b.
437 2911 558 2946 aeruna
574 2896 641 2959 DV,
659 2912 729 2950 corr.
747 2899 766 2947 d
833 2912 1000 2951 eaormontou
1018 2898 1112 2960 (ener-

140 2963 215 3015 moni
232 2961 370 3027 dieras.)
388 2965 414 3013 D
482 2965 505 3014 6.
524 2963 646 3014 dorileue
668 2964 696 3013 V
760 2966 784 3015 t.
804 2964 832 3015 id
850 2963 1028 3030 ἑπτάχορδον
1046 2967 1111 3020 Sca·

139 3034 217 3094 uper,
237 3028 311 3082 toesu
329 3044 473 3082 unxoreou
490 3032 524 3094 ll,
542 3031 570 3080 id
589 3036 632 3082 est
649 3036 791 3097 tnxopaon
812 3032 839 3083 V
887 3033 962 3098 quia]
982 3035 1031 3098 qui
1053 3035 1079 3083 V

142 3101 182 3148 12.
202 3111 338 3148 musicos*
355 3099 380 3146 D
449 3101 490 3150 13.
508 3099 552 3149 his
574 3099 602 3149 V
668 3097 725 3164 ql)
794 3101 838 3151 14.
855 3104 1112 3165 ontmeoreatcoa

141 3165 325 3216 climacterioi
343 3165 481 3232 dVoulpo
550 3168 592 3219 17.
609 3182 696 3232 usquo
715 3167 751 3217 ed
768 3170 840 3232 culpo
910 3171 950 3220 19.
970 3169 1111 3220 securibus

141 3234 180 3296 D,
199 3232 336 3284 secundos
358 3234 387 3284 V
450 3234 619 3284 tricesimum
641 3234 670 3283 V
734 3235 1047 3287 20.eu1.esoeuboDV

142 3315 214 3350 enea
237 3299 294 3350 DV
370 3303 412 3352 21.
435 3301 551 3352 iuuenes
577 3300 604 3351 V
670 3315 847 3368 nppeunarus
869 3304 895 3352 D
963 3306 1005 3355 23.
1029 3303 1111 3354 abus·

140 3381 194 3432 que
212 3387 245 3420 *e
263 3367 356 3426 (erasis
374 3367 419 3432 eb)
436 3370 475 3429 D,
493 3384 581 3441 oeque
601 3368 637 3418 ad
658 3370 686 3420 V
740 3382 951 3436 sexeqtustmum
970 3373 1009 3436 ll,
1031 3386 1113 3423 sexa·

139 3435 249 3501 gesimo
272 3436 297 3486 V
364 3439 406 3488 24.
425 3442 537 3502 tuotptat
556 3436 597 3500 (et
614 3439 633 3488 d
648 3432 751 3502 taras.)
771 3437 803 3498 u,
822 3438 941 3504 incipiet
962 3439 991 3488 V
1002 3443 1076 3504 culpo
