2400 3848
243 196 247 201 .
355 163 404 210 nn
426 140 488 211 oin
510 164 642 212 noram
665 163 739 215 cnr.
757 120 809 215 vis
1022 154 1061 216 11

96 320 132 363 eo
156 300 327 363 alimentum
346 304 387 364 ita
410 303 507 365 trahat
527 311 574 375 ut,
607 322 674 365 cum
695 304 791 366 editus
813 313 872 375 est,
904 323 939 366 ex
960 307 1062 368 matris

95 385 247 448 uberibus.
991 406 996 415 ’

160 470 296 532 Ceterum
319 478 352 531 ut
373 488 471 532 mares
492 472 655 534 leminaeve
676 480 837 534 nascantur
864 474 934 552 quid
955 493 1061 536 causae
1078 486 1095 534 4

95 561 187 624 esset,
208 557 288 616 varie
304 554 341 615 ab
361 555 455 617 isdem
470 555 653 635 philosophis
673 557 823 637 proditum
845 565 898 618 est.
940 576 1008 618 nam
1025 576 1061 619 ex

59 651 76 701 5
95 658 155 720 quo
170 647 294 718 parente
316 641 436 701 seminis
452 638 577 719 amplius
592 642 659 712 fuit,
686 642 747 702 eius
763 660 865 702 sexum
886 659 1060 720 repraesen-

93 726 151 784 tari
172 723 244 783 dixit
258 723 427 785 Alcmaeon.
466 742 502 784 ex
523 725 684 786 seminibus
705 733 802 786 autem
817 725 1031 787 tenuioribusl
1049 759 1061 772 ·

94 809 199 877 minas,
216 826 250 868 ex
268 807 455 868 densioribus
470 826 568 869 mares
583 810 647 870 fieri
659 810 777 889 Hippon
793 810 937 870 adfirmat.
964 811 1061 873 utrius
1079 823 1095 871 5

93 910 164 952 vero
186 892 318 969 parentis
338 893 516 971 principium
539 893 640 954 sedem
662 895 746 970 prius
768 895 970 972 occupaverit,
997 895 1061 954 eius

93 975 179 1036 reddi
204 982 339 1036 naturam
362 976 546 1037 Democritus
573 976 699 1038 rettulit:
729 985 759 1037 at
784 979 862 1040 inter
888 997 920 1039 se
947 985 1061 1039 certare

42 1072 75 1121 ιο
93 1060 222 1121 feminae
237 1068 267 1120 et
281 1061 385 1129 marie,
409 1068 438 1121 et
452 1078 544 1139 penes
565 1069 663 1122 utrum
686 1062 808 1122 victoria
825 1064 876 1130 sit,
900 1063 962 1123 eius
979 1062 1060 1122 habi·

92 1152 156 1205 tum
176 1145 284 1204 referri
304 1152 408 1205 auctor
435 1151 478 1204 est
498 1144 697 1206 Parmenides.
736 1164 772 1206 ex
794 1145 905 1207 dextris
926 1145 1061 1226 partibus
1079 1152 1095 1200 6

95 1228 220 1307 profuso
236 1229 348 1289 semine
370 1246 467 1289 mares
483 1230 577 1307 gigni,
602 1239 631 1290 at
647 1249 662 1291 e
678 1229 767 1290 laevis
783 1229 923 1299 feminas,
945 1231 1060 1290 Anaxa-

95 1329 184 1389 goras
198 1311 452 1391 Empedoclesque
468 1315 670 1381 consentiunt;
694 1332 818 1392 quorum
841 1315 1009 1392 opiniones
1028 1321 1062 1375 ut

94 1396 131 1457 de
157 1395 212 1458 hac
237 1398 336 1475 specie
362 1414 524 1474 congruae,
555 1399 592 1458 ita
620 1397 656 1458 de
682 1397 872 1457 similitudine
896 1396 1060 1459 liberorum

39 1492 74 1541 15
93 1479 258 1559 dispariles.
290 1498 380 1559 super
395 1500 452 1561 qua
469 1500 501 1541 re
517 1480 711 1559 Empedocles
727 1481 871 1559 disputata
888 1482 1002 1542 ratione
1016 1490 1059 1541 ta-

92 1564 132 1625 lia
147 1567 292 1643 profatur.
323 1568 348 1625 si
363 1583 417 1644 par
433 1564 514 1626 calor
528 1568 559 1625 in
575 1572 731 1644 parentum
746 1565 908 1626 seminibus
923 1566 991 1636 luit,
1008 1583 1059 1645 pa·
1079 1573 1094 1621 ⁷

92 1650 132 1709 tri
153 1648 277 1709 similem
299 1667 411 1710 marem
432 1652 603 1728 procrearl;
634 1651 658 1711 si
678 1651 787 1727 frigus,
811 1651 951 1711 feminam
973 1651 1060 1711 matri

92 1731 229 1794 similem.
261 1733 339 1812 quod
360 1734 384 1793 si
405 1735 497 1812 patris
519 1733 640 1795 calidius
661 1736 716 1794 erit
738 1742 767 1794 et
788 1734 925 1812 frigidius
946 1736 1058 1803 matris,

94 1835 221 1897 puerum
238 1816 303 1878 lore
319 1820 370 1895 qui
386 1819 488 1878 matris
503 1818 600 1878 vultus
615 1825 834 1895 repraesentet:
851 1825 881 1877 at
895 1820 920 1879 si
936 1817 1060 1879 calidius

37 1912 75 1963 20
92 1903 210 1972 matris,
241 1903 333 1979 patris
359 1909 457 1962 autem
478 1901 568 1962 luerit
594 1898 744 1979 frigidius,
774 1900 902 1981 puellam
929 1901 1060 1963 laturam

98 2003 174 2064 quae
188 1987 282 2064 patris
297 1985 402 2047 reddat
416 1985 647 2046 similitudinem.
678 1988 867 2065 Anaxagoras
883 1993 981 2047 autem
997 1987 1060 2048 eius
1078 1995 1094 2044 8

92 2071 228 2147 parentis
249 2069 352 2130 faciem
367 2070 483 2131 referre
498 2069 610 2130 liberos
624 2071 775 2139 iudicavit,
798 2073 848 2149 qui
863 2072 983 2132 seminis
999 2088 1060 2131 am·

92 2152 171 2231 plius
186 2153 366 2214 contulisset.
403 2162 533 2215 ceterum
550 2155 734 2215 Parmenidis
749 2157 893 2215 sententia
911 2161 969 2222 est,
993 2172 1060 2215 cum

95 2237 234 2298 dexterae
260 2245 359 2316 partes
385 2239 497 2298 semina
518 2238 668 2308 dederint,
699 2245 769 2297 tunc
797 2238 872 2299 illios
898 2256 963 2298 esse
983 2239 1061 2316 patri

36 2333 74 2383 25
94 2321 276 2389 consimiles,
295 2340 362 2383 cum
378 2322 490 2393 laevae,
506 2330 577 2383 tunc
591 2322 689 2383 matri.

158 2405 297 2485 Sequitur
309 2406 345 2466 de
361 2408 494 2484 geminis,
512 2408 562 2484 qui
578 2414 610 2468 ut
625 2405 782 2485 aliquando
794 2414 954 2468 nascantur
970 2406 1060 2467 modo
1078 2413 1094 2462 9

93 2490 215 2551 seminis
236 2490 301 2551 fieri
317 2491 435 2570 Hippon
456 2499 612 2552 natusest:
634 2491 663 2551 id
687 2492 848 2553 enimcum
869 2490 996 2569 amplius
1017 2498 1062 2551 est

94 2592 184 2651 quam
210 2576 261 2635 uni
284 2576 442 2644 satisfuit,
475 2575 610 2636 bilariam
632 2575 747 2636 deduci.
794 2575 941 2652 idipsum
965 2574 1060 2635 ferme
1079 2581 1112 2631 10

10 2878 14 2883 ,
162 2828 187 2877 4.
214 2841 315 2876 uentae
338 2841 372 2874 es
395 2825 547 2876 hosoeml)
616 2827 640 2878 6.
669 2836 801 2874 acenteon
823 2825 881 2874 DV
946 2827 970 2875 7.
993 2825 1061 2891 hyp-

92 2908 149 2958 pon
170 2894 198 2942 V
262 2892 400 2943 exstulit
422 2893 446 2941 V
497 2891 531 2943 ao
549 2895 574 2941 I)
643 2895 683 2943 10.
702 2903 828 2942 sentinae
846 2889 924 2955 DV1,
942 2892 1061 2942 feminas

91 2977 125 3009 m.
144 2976 196 3013 ree.
216 2964 240 3010 in
263 2962 288 3010 V
355 2972 450 3010 manes
470 2976 503 3011 er
521 2973 625 3025 poenes
644 2959 702 3007 DV
767 2961 808 3011 11.
829 2956 874 3024 ex]
896 2975 928 3008 er
946 2959 1000 3007 nV

94 3030 136 3079 13.
156 3026 382 3093 eupeoocnesque
403 3028 456 3076 DV
523 3029 564 3080 15.
582 3024 729 3092 dispariles
747 3031 811 3076 sunt
828 3027 925 3076 Iolaus
977 3039 1061 3089 expe·

90 3095 197 3146 boenes
222 3096 277 3145 DV
342 3093 414 3144 talia
430 3095 557 3159 profatur
581 3095 769 3158 Lachmoonus,
793 3108 872 3144 ranis
895 3107 1061 3158 pnorenrua

91 3161 153 3211 nV
218 3165 258 3214 17.
283 3163 484 3226 paopaeasrl)
554 3163 641 3227 frigus
661 3162 766 3224 Carrio,
798 3159 921 3227 sarpidus
939 3160 997 3208 DV

92 3231 204 3281 18-20.
225 3229 337 3280 carious
356 3256 388 3265 -
407 3227 511 3295 arctous
532 3229 661 3294 (frigidus
682 3229 718 3292 V)
739 3254 773 3269 -
791 3227 904 3279 carious
923 3255 956 3262 -
974 3239 1061 3291 sarot-

92 3296 146 3348 bus
160 3298 221 3359 DV,
239 3313 307 3348 corr.
321 3298 418 3347 Ichnae
487 3300 527 3348 19.
540 3312 646 3347 nunnus
658 3297 692 3362 Ι),
711 3297 816 3347 uultum
829 3297 876 3346 dV
943 3296 984 3344 23.
998 3308 1060 3344 sen·

93 3366 186 3415 tentia
204 3366 263 3427 dV,
289 3378 386 3415 senate
404 3366 428 3414 D
497 3367 539 3415 24.
563 3365 669 3414 semina
692 3381 738 3415 om.
761 3365 788 3412 V
852 3365 893 3414 26.
917 3375 1062 3412 nosceres

93 3433 128 3495 D,
141 3435 243 3484 corr-..d
298 3432 462 3498 2⁷.hyppon
478 3432 503 3482 V
555 3432 777 3485 estadd.0orrio
832 3432 875 3481 28.
887 3428 1062 3490 diducioutoo
