2400 3848
350 158 397 205 nn
420 159 482 206 orn
505 159 637 206 uanam
661 157 736 206 cnr
752 158 814 207 xn.
1026 144 1067 208 21

98 297 273 377 signiterum
291 298 394 359 orbem
410 298 515 359 diebus
532 311 669 360 ccccxv
684 308 713 360 et
728 298 847 379 aliquot
853 299 934 359 horis
949 299 994 359 sol
1010 300 1068 359 cir·

98 388 230 454 eumont,
253 389 357 462 quarta
380 400 502 446 necesse
525 393 569 446 est
583 392 668 463 parte
690 384 823 463 dempta,
847 383 876 443 id
899 390 943 444 est
964 382 1068 443 diebus

97 480 235 528 nxxxm
262 466 431 547 aliquotque
453 469 550 540 horis,
582 476 643 530 tres
666 468 794 546 quadras
820 467 942 546 reliquis
963 467 1068 528 diebus

97 564 272 612 ccnxxlnt
288 569 347 612 non
355 552 457 631 plenis
473 561 644 632 percurrat,
668 553 848 640 usquedum
865 555 1017 631 perveniat
1032 552 1068 612 ad

60 635 127 697 oid
157 636 215 697 loci
248 637 327 696 unde
357 639 558 717 conceptionis
588 634 701 698 initium
738 637 898 716 quadratus
936 638 1066 715 aspiciat.

96 721 179 782 unde
199 726 297 782 autem
318 738 403 782 mens
418 722 546 783 humana
569 722 632 783 dies
653 724 723 782 istos
745 721 981 782 commutationis
1001 738 1067 800 spe·
1087 733 1120 782 ιο

98 803 192 866 colari
212 811 242 865 et
264 822 370 866 arcana
391 815 513 867 naturae
534 808 637 866 rimari
658 808 805 883 potuerit,
828 824 916 866 nemo
932 806 1065 866 miretur.

97 891 173 950 liaeo
194 891 273 950 enim
288 889 430 970 frequens
451 891 635 951 medicorum
658 891 836 967 experientia
853 889 994 968 pervidit,
1018 891 1069 967 qui

98 992 169 1034 cum
194 973 302 1035 multas
329 974 599 1036 animadverterent
626 992 728 1035 semen
755 992 816 1035 non
842 975 971 1035 retinere
997 990 1068 1033 con·

44 1072 79 1120 10
98 1065 233 1138 ceptum,
263 1066 437 1137 conpertum
463 1059 633 1120 habuerunt
658 1058 689 1118 id
716 1059 795 1137 quod
821 1060 900 1120 intra
928 1076 979 1118 sex
1005 1057 1069 1118 dies

98 1150 248 1222 septemve
270 1143 430 1204 eiciebatur
446 1138 511 1205 esse
526 1143 670 1215 lacteum,
693 1153 722 1205 et
736 1152 914 1204 vocaverunt
936 1140 1068 1219 ἔκρυειν,

98 1227 178 1306 quod
194 1234 295 1306 postea
311 1234 409 1288 autem
425 1230 634 1306 sanguineum,
657 1227 747 1306 idque
769 1225 951 1304 ἐκτρωεμόε
967 1226 1069 1306 appel-

76 1311 187 1378 latur.
224 1311 302 1390 quod
325 1331 395 1373 vero
420 1312 508 1373 ambo
530 1320 632 1391 partus
655 1312 791 1373 videntur
812 1310 936 1390 paribus
952 1311 1067 1372 dicrum
1088 1322 1119 1370 11

97 1396 231 1456 numeris
253 1397 413 1466 contineri,
440 1397 621 1476 Pythagoras
642 1397 776 1475 inparem
797 1394 912 1463 laudat,
938 1402 1069 1455 tamena

47 1492 79 1542 15
98 1487 178 1541 secta
190 1497 250 1540 non
263 1480 420 1560 discrepat.
442 1481 500 1542 duo
513 1482 590 1542 enirn
602 1481 722 1559 inpares
735 1487 899 1540 ccvr111et
912 1490 1071 1539 conxxm

98 1565 171 1625 dicit
191 1563 318 1644 expleri,
341 1565 521 1645 adquorum
538 1567 823 1626 consummationem
846 1562 955 1642 aliquid
972 1582 1008 1623 ex
1023 1581 1069 1624 se·

99 1647 261 1727 quenlibus
280 1649 437 1719 accedere,
468 1649 548 1729 quod
568 1658 668 1710 tamen
691 1649 768 1709 diem
790 1647 916 1709 solidum
936 1665 997 1708 non
1018 1647 1069 1708 ad·

69 1759 74 1766 ¹
99 1733 186 1795 ierat.
216 1733 299 1793 cuius
315 1733 483 1812 exemplum
498 1734 631 1794 videmus
647 1741 705 1793 tam
721 1735 752 1792 in
767 1735 837 1793 anni
856 1750 945 1811 quarn
960 1733 1070 1793 mensis
1090 1743 1120 1791 12

99 1818 194 1895 spatio
216 1834 348 1878 servasse
370 1828 522 1886 naturam,
553 1835 620 1878 com
648 1824 677 1877 et
702 1817 771 1875 anni
792 1818 927 1894 inparem
952 1816 1069 1876 dierum

46 1914 81 1962 eo
97 1908 303 1962 trecentorum
330 1903 480 1980 sexaginta
511 1902 641 1980 quinque
663 1918 820 1961 numerum
848 1899 996 1977 aliquanto
1019 1917 1071 1959 cu·

99 1984 258 2047 mulaverit
274 1993 302 2046 et
318 1987 411 2046 mensi
427 1984 525 2046 lunari
540 1985 577 2047 ad
593 1985 656 2046 dies
677 1984 876 2064 undetriginta
893 1983 1002 2064 aliquid
1018 1983 1070 2044 ad·

99 2069 217 2131 diderit.
558 2112 561 2117 «

163 2153 226 2214 Neo
246 2171 316 2214 rero
337 2153 513 2214 incredibile
535 2162 579 2214 est
600 2154 635 2213 ad
658 2161 776 2214 nostros
792 2152 904 2214 natales
926 2154 1070 2214 musicam
1087 2155 1122 2215 12

98 2239 261 2316 pertinere.
305 2238 379 2299 haec
401 2240 480 2300 enim
501 2240 561 2298 sive
581 2238 613 2297 in
633 2254 706 2296 voce
726 2235 929 2296 tantummodo
952 2245 1011 2305 est,
1039 2245 1072 2296 ut

45 2335 82 2383 25
101 2323 240 2384 Socrates
260 2323 315 2392 ait,
346 2323 421 2392 sive,
452 2329 485 2382 ut
505 2323 712 2390 Aristoxenus,
743 2321 774 2379 in
794 2339 867 2380 voce
887 2326 916 2380 et
936 2321 1071 2398 corporis

100 2406 199 2474 motu,
230 2407 291 2466 sive
313 2407 344 2466 in
367 2406 413 2467 his
435 2413 464 2468 et
478 2414 631 2485 praeterea
653 2407 684 2466 in
706 2405 797 2464 animi
812 2411 909 2474 motu,
941 2412 974 2465 ut
989 2412 1072 2482 putat

99 2490 342 2568 Theophrastus,
365 2498 447 2552 certe
462 2490 588 2550 multum
610 2488 723 2550 obtinet
738 2489 894 2550 divinitatis
916 2497 945 2548 et
966 2490 1071 2548 animis

98 2574 311 2655 permovendis
331 2574 492 2652 plurimum
514 2572 598 2635 valet.
639 2591 708 2635 nam
729 2574 785 2633 nisi
806 2582 888 2651 grata
910 2581 990 2638 esset,
1009 2572 1106 2632 deis2

101 2657 325 2729 inmortalibus,
342 2662 391 2738 qui
407 2679 443 2720 ex
459 2659 557 2727 anima
572 2665 710 2719 constant
725 2657 837 2727 divina,
860 2656 994 2736 prolecto
1010 2656 1072 2718 ludi

43 2755 82 2805 30
99 2743 214 2805 scenici
233 2740 446 2821 placandorum
469 2743 593 2805 deorum
616 2759 703 2803 causa
729 2743 854 2802 instituti
877 2759 936 2801 non
964 2749 1070 2816 essent,

171 2959 272 3011 Locos
291 2961 348 3011 DV
398 2957 590 3025 estquodD
622 2963 645 3010 3.
670 2975 733 3009 nx11
752 2958 808 3009 DV
859 2959 1073 3024 amquooqueD

99 3027 244 3094 quadrans
265 3027 319 3086 V1,
337 3043 406 3081 corr.
425 3045 456 3078 m
474 3031 490 3077 2
553 3029 577 3078 7
595 3027 765 3078 ursamDV
823 3029 848 3080 8
867 3025 1001 3091 perturber
1019 3028 1078 3077 DV

99 3101 143 3149 10.
163 3095 319 3146 hcouemnr
338 3095 363 3146 ιδ
381 3110 409 3146 m
428 3093 497 3158 quod
515 3097 575 3145 D
610 3098 651 3144 11.
672 3093 828 3144 eiieebatur
849 3094 878 3143 V
942 3107 1072 3145 esseron

99 3163 169 3226 DV,
195 3178 265 3214 corr.
289 3180 320 3216 m.
338 3179 391 3214 ree.
413 3165 438 3211 in
461 3164 487 3212 V
554 3164 595 3214 12.
619 3163 753 3227 sanguine
781 3161 806 3210 V
874 3174 1026 3212 euroocuoc
1048 3162 1076 3210 V

100 3233 139 3295 (ι
157 3235 195 3281 sie
209 3232 269 3294 fere
288 3234 387 3281 doctum
404 3230 456 3293 M)
528 3231 599 3279 14.
591 3245 620 3278 ιιι
638 3233 746 3294 partem
768 3231 796 3279 V
862 3228 968 3279 neuter
985 3229 1010 3277 D

100 3301 145 3350 16.
165 3312 369 3363 exequerenmus
388 3299 413 3348 D
466 3299 506 3351 18.
525 3295 645 3348 uidemus
665 3295 692 3359 (e
711 3312 766 3348 eaor
781 3297 865 3361 facto)
884 3298 909 3346 J)
961 3298 1004 3345 21.
1023 3310 1072 3345 un-

99 3367 276 3432 tornuerre
287 3367 312 3415 J)
375 3367 417 3417 24.
430 3370 461 3416 ut
473 3368 598 3416 socrates
611 3364 666 3427 dV,
678 3379 820 3416 urceores
837 3365 858 3413 l)
921 3364 963 3415 26.
977 3364 1033 3412 ami
1049 3363 1076 3412 V

99 3436 145 3485 27.
164 3433 358 3485 rheonnasuus
377 3433 434 3483 uV
577 3444 580 3449 ⁴
