2400 3848
310 135 359 183 uu
380 137 443 184 um
465 135 597 184 uarum
620 135 695 184 cnr.
712 134 787 184 xm.
987 121 1034 187 -23

62 294 182 354 quaque
203 273 353 336 altitudine
374 276 413 336 ita
435 275 615 347 concordes,
637 285 670 337 ut
690 274 891 337 dulcissimam
914 274 1033 353 quidem

62 363 224 422 concinant
242 358 403 430 melodian,
427 359 480 420 sed
495 360 582 421 nohis
604 358 795 422 inaudibilem
814 367 939 440 propter
953 362 1034 421 vocis

62 444 312 524 magnitudinem,
334 463 422 524 quam
437 462 544 522 capere
559 446 675 507 aurium
689 451 860 506 nostrarum
881 447 1034 523 angustiae

62 547 125 591 uon
141 525 262 607 possint.
292 547 360 590 uam
376 529 409 590 ut
422 529 634 591 Eratosthenes
648 530 827 608 geometrica
843 531 957 591 ratione
972 528 1034 592 col·
1051 543 1067 591 2

24 625 43 675 5
60 613 135 692 legit
149 615 309 674 maximum
326 614 595 676 terraecircuitum
610 631 676 676 esse
691 613 854 676 stadiorum
870 613 1032 676 ducentum

62 699 276 779 quinquaginta
301 699 395 759 duum
421 697 549 770 milium,
579 700 618 760 ita
639 699 821 778 Pythagoras
844 706 916 776 quot
942 699 1034 760 stadia

61 785 142 844 inter
162 791 274 844 terram
295 792 325 844 et
346 781 476 860 singulas
490 781 590 844 stellas
610 791 710 845 essent
723 783 870 865 indicavit.
906 783 1033 844 stadium

62 875 162 928 autem
183 869 215 928 iu
235 867 292 929 hac
311 867 414 928 mundi
435 875 576 929 mensura
601 867 631 928 id
652 869 838 946 potissimum
859 866 1032 946 intellegen-

62 952 135 1013 dum
152 951 290 1030 estquod
305 950 438 1013 Italicum
453 959 568 1022 vocant,
584 952 695 1030 pedum
711 957 915 1013 sescentorum
931 952 1032 1031 viginti

10 1053 44 1102 to
63 1038 208 1115 quinque:
231 1054 301 1097 nam
324 1044 394 1099 sunt
413 1044 567 1115 praeterea
589 1043 618 1098 et
639 1035 694 1098 alia
716 1035 898 1115 longitudine
920 1036 1031 1098 discre-

63 1123 179 1198 pantia,
202 1128 236 1181 ut
251 1119 455 1200 Olympicum,
477 1121 556 1201 quod
572 1128 616 1183 est
630 1121 738 1199 pedum
754 1128 940 1191 sescentum,
961 1122 1032 1181 item

62 1205 219 1285 Pythicum
233 1206 343 1284 pedum
358 1219 395 1266 m.
424 1206 514 1283 igitur
529 1204 566 1268 ab
581 1212 662 1267 terra
682 1205 719 1266 ad
735 1203 835 1266 lunam
850 1204 1032 1285 Pythagoras
1050 1221 1066 1268 s

61 1291 176 1367 putavit
200 1306 266 1351 esse
288 1289 449 1352 stadiorum
471 1290 589 1352 circiter
609 1296 727 1352 centurn
749 1290 850 1366 viginti
870 1287 1032 1360 sexmilia,

61 1373 152 1454 idque
178 1391 243 1448 csse
269 1377 333 1436 toni
360 1373 561 1444 intervallum;
590 1372 697 1435 aluua
718 1381 818 1435 autem
845 1373 882 1436 ad
903 1374 1033 1436 Mercuri

10 1474 43 1524 15
60 1457 194 1529 stellam,
210 1477 286 1538 quae
300 1459 410 1520 stilbon
425 1466 561 1529 vocatur,
578 1458 732 1520 dimidium
748 1459 827 1526 eius,
843 1456 923 1518 velut
937 1456 1032 1518 hemi-

60 1544 180 1612 toniou;
199 1543 272 1604 hinc
287 1544 324 1605 ad
339 1543 548 1623 phosphoron,
564 1561 641 1623 quae
656 1544 700 1604 est
715 1541 838 1603 Veneris
853 1540 953 1614 stella,
969 1542 1033 1603 iere

60 1626 252 1698 tantundem,
273 1628 331 1689 hoc
347 1634 391 1689 est
410 1626 490 1689 aliud
511 1628 710 1696 hemitonium
733 1627 804 1688 iude
818 1637 910 1706 porro
932 1626 969 1688 ad
985 1644 1032 1688 so-

61 1712 122 1774 lem
142 1719 190 1774 ter
209 1719 341 1782 tantum,
364 1713 448 1793 quasi
468 1719 573 1774 tonum
595 1720 624 1774 et
644 1712 806 1773 dimidium.
847 1712 947 1791 itaque
962 1710 1033 1773 solis
1050 1725 1067 1774 4

62 1804 176 1858 astrum
196 1796 302 1859 ahesse
322 1816 339 1859 a
360 1804 441 1858 terra
456 1803 543 1858 tonos
557 1805 619 1859 tres
640 1804 670 1858 et
685 1797 854 1865 dimidium,
887 1795 967 1873 quod
982 1813 1032 1856 vo·

10 1896 44 1946 20
61 1887 148 1942 catur
170 1880 216 1942 dia
237 1889 342 1960 pente,
373 1880 475 1942 aluna
499 1888 597 1942 autem
613 1880 687 1942 duos
709 1888 738 1942 et
753 1878 921 1950 dimidium,
953 1879 1032 1958 quod

62 1973 109 2026 est
124 1965 171 2027 dia
186 1973 331 2028 tessarou.
377 1963 472 2026 asole
492 1983 563 2027 rcro
583 1965 620 2025 ad
641 1963 754 2026 stellam
769 1964 885 2035 Martis,
916 1964 964 2026 cui
979 1981 1031 2024 uo·

61 2069 133 2111 meu
144 2059 190 2111 est
199 2052 308 2130 pyrois,
323 2048 508 2112 tantumdem
523 2047 669 2111 intervalli
685 2066 750 2111 esse
762 2056 905 2127 quantum
920 2057 1033 2110 eterra

61 2135 100 2196 ad
114 2133 225 2206 lunam,
241 2134 329 2214 idque
345 2135 444 2196 lacere
458 2141 566 2204 tonou3
586 2135 658 2197 hinc
673 2135 709 2195 ad
724 2135 801 2196 loris
814 2132 940 2204 stellam,
956 2151 1032 2212 quae

61 2218 213 2298 phaethon
235 2217 415 2299 appellatur,
437 2218 590 2280 dimidium
607 2219 685 2289 eius,
709 2217 789 2296 quod
804 2218 893 2278 iaciat
907 2215 1031 2278 hemito⁴

10 2316 44 2367 25
61 2305 150 2374 uion;
173 2304 346 2366 tantundem
367 2322 383 2365 a
399 2305 467 2365 lore
486 2303 523 2364 ad
538 2303 659 2364 Saturni
678 2300 809 2378 stellam,
829 2303 879 2360 'cui
894 2299 1032 2380 phaenon

62 2406 173 2449 nomeu
197 2396 256 2459 est,
287 2388 317 2450 id
338 2395 383 2450 est
403 2387 483 2449 aliud
503 2387 700 2456 hemitonium
729 2385 798 2446 inde
825 2385 862 2445 ad
882 2403 1031 2447 summum

63 2471 195 2544 caelum,
226 2471 278 2534 uhi
298 2473 382 2552 signa
402 2479 486 2543 sunt,
516 2470 639 2549 perinde
661 2470 853 2532 hemitonion.
899 2470 1030 2548 itaquae
1049 2481 1065 2532 t

132 2745 157 2797 1.
177 2757 304 2808 quaeque
315 2742 378 2807 DV,
396 2758 467 2796 corr.
480 2743 595 2793 Hahne'us
611 2745 668 2794 coll.
681 2741 812 2807 Madoipio
830 2740 866 2790 ad
877 2741 929 2790 Oia.
943 2741 975 2790 de
984 2740 1030 2803 fin.

32 2813 150 2876 .p.099
218 2813 243 2864 3.
263 2812 427 2876 carpeneD
494 2812 519 2860 4.
540 2808 767 2860 eeesaosaheues
785 2819 956 2874 qeomtuetce
972 2809 998 2857 D

60 2877 217 2943 colligitV
281 2879 305 2931 6.
324 2884 389 2942 quot
407 2874 461 2942 (td
471 2879 498 2928 in
509 2876 576 2942 ras)
594 2879 619 2927 D
689 2876 834 2927 tratura
855 2875 880 2925 V
948 2878 975 2926 9.
992 2889 1032 2926 ur·

59 2959 145 3012 §enm
162 2947 188 2996 D
257 2946 298 2996 12.
321 2943 442 3009 pedu-m·
466 2944 495 2994 V
560 2947 600 2996 ta.
622 2957 732 3010 utpeurt
753 2945 779 2993 D
848 2944 891 2993 14.
909 2954 1032 2993 mencom

59 3015 95 3072 D,
116 3012 246 3064 mercerii
262 3015 288 3074 d,
306 3011 437 3062 Mercurii
452 3013 481 3061 V
545 3013 586 3065 lh.
606 3025 702 3063 sutton
719 3012 745 3061 D
797 3010 1037 3061 semirontonDV

60 3082 105 3134 1‘1.
123 3091 276 3132 emtaomon
293 3082 328 3144 D,
347 3080 514 3131 semitonion
531 3080 579 3130 dV
595 3076 779 3144 (hemruourou
797 3080 822 3128 Ι)
840 3084 899 3128 ante
916 3091 970 3129 ras.
988 3078 1032 3128 illo

59 3153 120 3200 loco
143 3151 187 3214 qut
207 3165 224 3199 a
245 3149 318 3199 nobie
341 3149 489 3214 adscriptus
512 3153 552 3198 eet
569 3150 650 3212 adp.
669 3150 711 3208 25,
730 3146 765 3208 2)
836 3149 878 3198 19.
902 3157 1030 3198 ansanum

60 3215 208 3279 (euersum
227 3224 286 3268 ante
297 3216 365 3277 rac.)
383 3217 408 3266 D
476 3217 518 3266 20.
537 3215 672 3280 drepenre
686 3214 749 3277 DV,
767 3211 812 3265 διὰ
824 3212 913 3265 arture
923 3216 996 3276 culpo

60 3286 106 3335 21.
131 3282 318 3335 htacesseaon
340 3284 407 3344 DV,
436 3281 481 3334 διὰ
498 3279 641 3348 τεεεάρων
662 3285 734 3347 culpo
803 3281 845 3330 24.
868 3280 977 3348 pheno-u
995 3281 1030 3340 D,

59 3351 186 3416 phaeton
207 3352 236 3402 V
299 3353 342 3405 26.
363 3351 474 3417 phenou
492 3350 548 3401 DV
614 3352 659 3401 26.
676 3351 718 3404 tr.
738 3349 910 3400 hemmenton
929 3349 954 3398 D
971 3353 1034 3398 ante

58 3434 132 3484 rare,
158 3418 325 3472 semitonlon
341 3420 397 3470 dV
