2400 3848
415 223 622 272 rnucunurr
646 221 720 272 cnr.
734 194 790 271 ιιι.
1046 207 1088 273 59

118 364 211 446 ipsius
232 362 349 441 fulgore
370 362 504 424 considit.
549 363 657 425 diversi
678 381 750 442 ergo
772 361 845 424 caeli
867 369 896 424 et
918 364 1086 441 vagantium

119 448 271 511 stellarum
287 465 437 510 concursu
452 446 531 529 quod
548 447 760 531 [temperatur]
777 449 927 528 utrimque
942 447 1087 509 deteritur

120 542 149 597 et
163 535 241 595 inira
257 532 332 603 fluit,
347 533 377 595 id
394 533 503 611 excipit
516 531 585 595 luna
602 543 632 594 et
646 532 699 593 soii
715 533 812 602 tradit,
830 551 888 612 quo
904 540 934 594 et
951 531 1087 593 animalia

118 620 274 699 vigescunt
294 625 323 680 et
343 617 453 679 humus
475 618 603 697 quodam
618 617 708 678 modo
728 620 876 678 animatur
897 615 1017 696 genitali
1038 634 1086 678 ca·

81 716 99 766 5
118 703 183 766 lore
199 703 247 785 [ut
260 704 302 764 ita
317 703 442 764 dixerim
456 701 546 784 vivo].

180 786 345 849 Plurimum
360 790 391 848 in
407 787 572 866 originibus
587 784 684 848 valent
699 789 819 867 quaein
835 794 903 848 ortu
918 794 1000 856 sunt,
1023 785 1086 847 lan·

118 881 210 950 guent
230 872 263 933 in
283 889 401 934 occasu.
445 879 544 933 ortum
565 871 636 933 facit
656 869 740 933 stella
761 890 849 953 quarn
871 869 915 933 sol
936 873 1086 951 praeterit,
1106 886 1121 935 ι

119 957 225 1018 deinde
240 955 406 1019 stationem
434 958 623 1027 matutinam,
660 975 727 1017 curn
754 977 770 1018 a
797 957 899 1035 quinto
925 955 990 1017 loco
1018 956 1088 1016 solis

118 1043 207 1103 stetit.
243 1043 274 1101 in
296 1041 402 1103 eodem
417 1050 516 1104 manet
530 1043 631 1120 signo,
654 1042 750 1103 donec
771 1041 807 1102 ab
824 1040 928 1102 eodem
944 1041 1007 1102 sole
1023 1059 1086 1101 mo·

67 1139 100 1189 10
118 1134 228 1187 ventur.
260 1144 335 1207 quae
351 1127 499 1186 contraria
516 1133 560 1187 est
574 1125 638 1196 soli,
655 1143 742 1187 mane
759 1125 876 1197 occidit,
893 1127 987 1187 oritur
1000 1125 1088 1186 simul

118 1217 205 1272 nocte
221 1215 251 1272 et
265 1216 385 1272 vocatur
401 1211 599 1292 acronych0s‚
623 1210 731 1272 deinde
751 1229 856 1272 rursus
877 1209 970 1271 altero
992 1209 1088 1271 latere

118 1294 254 1376 aquinto
276 1297 361 1374 signo
376 1293 561 1373 deprebensa
582 1295 845 1374 postmeridianam
867 1296 1022 1356 stationem
1042 1295 1086 1356 la-

118 1380 175 1450 cit,
202 1379 298 1441 donec
312 1381 446 1459 ingresso
461 1379 523 1441 sole
535 1380 624 1441 'idem
640 1383 757 1458 signum
774 1378 828 1443 sub
844 1379 935 1441 radiis
956 1381 1019 1442 eius
1035 1379 1085 1439 de-

117 1463 233 1527 litescat
247 1465 320 1526 etin
336 1471 429 1527 totum
445 1464 568 1526 occidat.

69 1559 100 1611 15
180 1549 333 1629 Aspieiunt
353 1547 430 1611 inter
451 1567 484 1610 se
505 1548 607 1612 stellae
629 1567 664 1609 ex
686 1549 788 1627 quinto
809 1549 908 1628 signo,
941 1547 1021 1625 quod
1043 1548 1121 1610 ιιι-8

118 1633 196 1695 citur
211 1635 377 1712 trigonum,
395 1640 423 1694 et
437 1633 550 1695 habent
569 1635 726 1695 maximam
743 1633 981 1695 consensionem.
1016 1634 1086 1694 item

117 1735 135 1779 a
155 1724 275 1798 quarto,
306 1718 384 1798 quod
406 1718 514 1780 dicitur
528 1726 717 1798 tetragonum
738 1717 785 1800 [et
800 1726 923 1781 centron
939 1715 1085 1799 vocatur],

117 1808 149 1862 et
172 1804 204 1863 in
230 1800 405 1864 alterutrum
427 1805 587 1864 marimum
609 1809 740 1882 praestat
760 1803 907 1865 ellectum.
952 1804 1022 1864 item
1051 1821 1087 1862 ex

118 1889 284 1959 contrario,
308 1887 386 1966 quod
403 1895 449 1949 est
463 1890 620 1965 septimum
637 1888 754 1964 signum
776 1896 806 1948 et
820 1888 985 1948 diametron
1001 1905 1086 1948 voca-

71 1982 102 2032 ιο
118 1979 167 2032 tur
195 1980 299 2050 estque
320 1974 447 2033 maxime
474 1972 641 2035 adversum.
682 1980 783 2033 cetera
809 1971 951 2032 dissident
976 1970 1022 2032 vel
1042 1970 1085 2032 le·

119 2058 194 2117 viter
214 2057 376 2136 aspiciunt,
398 2064 431 2118 ut
451 2059 571 2118 tertium
593 2057 746 2138 quodque,
771 2057 849 2137 quod
871 2055 980 2117 dicitur
995 2056 1085 2118 bexa-

119 2156 230 2220 gonon.

181 2224 272 2304 Signa
293 2224 407 2305 tropica
433 2224 721 2305 peregrinationibus
742 2231 883 2305 praesunt
910 2233 941 2287 et
966 2225 1086 2286 omnino
1105 2239 1120 2287 9

118 2307 293 2379 mobilibus,
323 2310 402 2370 etin
425 2305 554 2371 consiliis
573 2307 699 2371 subinde
720 2311 834 2370 variant
854 2310 950 2389 adque
966 2327 1085 2387 permu-

73 2402 102 2454 95
118 2400 191 2454 tant.
225 2392 363 2455 biformia
384 2396 582 2471 geminatione
602 2411 703 2456 rerum
725 2395 857 2457 omnium
879 2394 1086 2474 repetitionem

119 2477 287 2555 significant
312 2485 341 2539 et
360 2479 478 2540 interim
504 2478 682 2541 dilationem.
727 2477 819 2541 solida
846 2479 1036 2542 vehementer
1059 2487 1088 2540 et

118 2561 262 2624 instanter
284 2562 415 2624 efficiunt
436 2571 465 2625 et
485 2564 520 2625 ad
543 2565 653 2626 exitum
674 2563 720 2625 vel
734 2582 878 2644 prospera
900 2563 945 2625 vel
966 2563 1087 2624 adversa

117 2646 301 2724 perducunt,
332 2648 408 2709 sicut
429 2649 615 2729 aspiciuntur
638 2667 654 2709 a
675 2646 767 2710 stellis
788 2647 834 2710 vel
854 2647 1020 2710 laventibus
1040 2648 1087 2709 vel
1170 2670 1173 2675 ·

119 2730 362 2810 repugnantibus,

119 2918 322 2926 -ι----

187 3035 211 3088 1.
229 3033 339 3086 deverel
359 3037 388 3086 V
435 3051 573 3102 naqaurre
591 3037 646 3087 DV
712 3039 736 3087 2.
756 3039 926 3102 temperetur
943 3038 1018 3086 eiecit
1037 3037 1086 3088 [Ιν-

117 3101 219 3181 liclzriue
288 3106 312 3152 3
338 3117 452 3168 exceptu
476 3105 500 3154 l)
569 3104 594 3154 ὁ.
618 3110 677 3153 onte
698 3108 729 3153 ut
746 3106 818 3169 uulgo
843 3107 872 3154 et
887 3104 949 3156 add.
1017 3104 1088 3155 vivit

117 3169 184 3219 coni.
214 3169 354 3220 Urlicbaiuo
422 3173 447 3221 9
478 3184 570 3222 suern
598 3171 635 3234 D,
666 3171 776 3222 steterit
805 3171 823 3222 d
832 3172 860 3221 V
926 3172 965 3222 10.
978 3167 1085 3251 nqueo]

118 3235 192 3301 quod
214 3236 240 3285 V
307 3239 347 3288 11.
367 3252 517 3288 ecaontcos
534 3240 732 3302 cenericum,
753 3239 895 3290 acronicos
909 3238 1036 3289 monicus
1053 3238 1085 3300 V,

118 3319 188 3357 corr.
207 3303 349 3357 Salmasius
367 3321 456 3359 eccere.
474 3306 541 3358 Plio.
557 3323 586 3370 p
600 3309 651 3358 507
667 3308 720 3357 oF
787 3309 827 3359 13.
850 3306 1006 3358 beurrescat
1028 3302 1087 3370 (eat

119 3362 254 3437 dt‘nraa.)
274 3372 299 3422 D
368 3370 409 3428 17,
429 3373 554 3424 centroni
576 3375 603 3423 V
670 3376 710 3426 19.
731 3387 843 3441 seprnnt
862 3376 895 3434 D,
914 3390 983 3426 corr
1002 3377 1021 3424 d

119 3439 162 3490 20
184 3436 332 3490 bissebeuu
350 3441 375 3490 D
443 3443 485 3492 91.
510 3455 655 3507 exagouou
674 3443 733 3493 DV
796 3445 839 3495 24.
864 3454 1015 3494 mortemue
1033 3443 1090 3493 DV

188 3511 272 3572 etque
295 3506 324 3555 V
387 3509 428 3558 96.
448 3509 665 3561 bonortoueDV
