2400 3848
169 173 212 238 20
428 186 476 233 nn
499 185 560 232 mn
582 184 714 232 ueram
738 183 812 233 cur.
830 185 877 233 xi.
954 209 956 215 -

171 326 296 396 dierum,
313 326 408 386 sexies
424 324 562 394 ductum,
584 342 651 384 cum
668 322 704 385 ad
721 323 798 384 diem
815 323 1072 384 ducentensimum
1089 324 1143 384 de-

137 411 280 471 ocimum
303 411 451 488 pervenit,
477 416 625 469 maturum
648 417 832 486 procreatur.
871 407 945 469 alter
968 414 1067 469 autem
1088 408 1143 469 ille

171 502 289 574 partuS,
312 495 361 573 qui
377 495 471 554 maior
488 501 547 560 est,
570 493 676 553 maiori
691 511 816 553 numero
832 495 1017 564 continetur,
1040 500 1143 570 septe-

170 581 254 639 nario
276 579 403 649 scilicet,
431 596 489 656 quo
511 584 571 637 tota
586 578 643 637 vita
665 577 792 637 humana
814 577 928 647 sinitur,
957 585 988 637 ut
1003 585 1034 638 et
1049 577 1143 638 Solon

171 663 273 724 scribit
293 671 322 722 et
336 663 437 724 ludaei
456 664 486 722 in
508 661 623 724 dierum
646 663 778 722 omnium
801 663 933 723 numeris
948 669 1091 723 secuntur
1113 669 1175 724 eto

170 748 363 808 Etruscorum
386 746 454 807 libri
475 745 596 808 rituales
615 747 751 807 videntur
771 747 912 807 indicare.
944 747 1143 824 Hippocrates

171 849 289 911 quoque
319 830 425 910 aliique
455 830 562 891 medici
591 833 622 890 in
652 848 814 908 corporum
842 830 1054 891 valitudinibus
1079 849 1142 892 non

171 915 249 977 aliud
266 916 439 976 ostendunt:
465 933 532 975 nam
555 916 714 994 septimum
736 933 882 993 quemque
898 915 976 976 diem
999 917 1142 976 crisimon

138 1010 153 1059 7
172 999 338 1061 observant.
370 1001 468 1079 itaque
490 1006 523 1060 ut
543 997 664 1060 alterius
679 1006 781 1077 partus
798 1001 882 1078 origo
903 1002 933 1060 in
950 1018 1000 1060 sex
1017 1008 1064 1061 est
1078 999 1142 1060 die·

171 1083 240 1154 bus,
264 1091 330 1162 post
345 1103 420 1163 quos
436 1102 537 1144 semen
553 1084 582 1143 in
599 1085 771 1162 sangninem
789 1086 928 1153 vertitur,
947 1085 989 1144 ita
1005 1084 1094 1146 huius
1110 1085 1141 1145 in
1160 1097 1188 1146 10

172 1176 300 1248 septem;
326 1175 354 1228 et
369 1177 401 1229 ut
415 1167 457 1227 ibi
472 1168 601 1246 quinque
623 1176 651 1228 et
667 1169 786 1246 triginta
808 1167 913 1230 diebus
934 1167 1030 1238 intans
1046 1187 1141 1231 mem·

171 1251 291 1322 bratur,
322 1254 360 1312 ita
387 1253 436 1311 hic
465 1270 520 1330 pro
547 1253 683 1329 portione
710 1252 813 1312 diebus
843 1253 906 1314 lere
934 1253 1139 1332 quadraginta.

172 1355 264 1415 quare
290 1337 319 1396 in
341 1336 464 1397 Graecia
487 1336 549 1397 dies
574 1337 685 1398 habent
711 1337 971 1416 quadragensimos
997 1340 1140 1416 insigues.

170 1439 299 1500 namquo
318 1438 485 1500 praegnans
506 1430 573 1482 ante
595 1421 672 1482 diem
688 1421 968 1501 quadragensimum
987 1440 1047 1482 non
1069 1440 1141 1501 pro·

172 1505 214 1566 dit
232 1506 394 1575 insanum,
423 1513 534 1584 etpost
549 1513 666 1585 partum
688 1506 881 1585 quadraginta
897 1506 1001 1568 diebus
1022 1506 1141 1586 plerec·
1159 1521 1188 1570 15

171 1608 229 1668 que
250 1590 327 1650 ictae
347 1591 500 1667 graviores
514 1597 584 1650 sunt
598 1607 653 1650 nec
676 1592 849 1667 sanguinem
872 1592 1020 1653 interdum
1045 1594 1141 1652 conti-

171 1682 260 1743 nent,
282 1682 311 1734 et
332 1673 444 1751 parvoli
465 1674 558 1734 ferme
578 1692 633 1752 per
649 1673 704 1734 hos
726 1672 818 1754 [lere]
842 1676 969 1737 morbidi
991 1678 1056 1737 sine
1078 1677 1141 1737 risu

171 1775 228 1818 nec
248 1760 312 1818 sine
333 1756 466 1834 periculo
487 1765 565 1818 sunt.
609 1757 648 1818 ob
671 1776 759 1836 quam
781 1777 914 1835 causam,
943 1778 1009 1819 cum
1030 1763 1057 1821 is
1076 1761 1141 1822 dies

170 1843 339 1920 praeteriit,
363 1842 440 1903 diem
464 1842 572 1902 festum
593 1841 688 1903 solent
705 1843 832 1918 agitare,
854 1844 933 1922 quod
955 1853 1073 1922 tempus
1087 1862 1140 1923 op-

136 1935 153 1984 8
170 1924 281 2005 pellant
301 1927 592 2004 τεεεερακοεταῑον.
630 1926 660 1987 hi
680 1928 770 2005 igitur
792 1927 854 1988 dies
875 1927 1069 2007 quadraginta
1084 1947 1141 2007 per
1157 1943 1187 1992 ao

171 2018 283 2088 septem
305 2009 371 2070 illos
393 2009 520 2071 initiales
536 2010 720 2089 multiplicati
741 2011 814 2071 fiunt
830 2012 893 2072 dies
916 2012 1034 2074 ducenti
1057 2020 1140 2074 octo·

170 2096 265 2170 ginta,
289 2093 316 2153 id
334 2101 378 2154 est
393 2092 595 2155 hebdomadae
611 2094 820 2174 quadraginta:
843 2097 894 2158 sed
912 2099 1049 2176 quoniam
1071 2096 1140 2158 nlti-

170 2196 236 2238 mae
256 2175 334 2238 illius
355 2176 547 2239 hebdomadis
563 2181 659 2258 primo
676 2179 722 2239 die
747 2180 843 2241 editur
864 2189 979 2260 partus,
1007 2199 1060 2243 sex
1075 2183 1140 2243 dies

171 2261 317 2323 decedunt
344 2269 372 2322 et
394 2263 633 2326 ducentensimus
658 2266 913 2342 septuagensimus
934 2274 1058 2344 quartus
1084 2266 1140 2328 ob·

170 2355 313 2408 servatur.
366 2350 417 2425 qui
447 2365 590 2409 numerus
620 2348 735 2410 dierum
765 2348 801 2410 ad
832 2357 1019 2426 tetragonum
1055 2349 1138 2413 illum
1157 2364 1187 2414 to

136 2440 152 2490 9
171 2430 384 2493 Chaldaeorum
415 2441 605 2510 conspectum
629 2432 776 2493 subtiliter
797 2436 948 2511 congruit:
980 2454 1047 2494 nam
1070 2454 1139 2497 cum

237 2653 261 2700 3.
280 2651 385 2700 maiore
408 2650 436 2699 V
500 2652 525 2702 4.
544 2651 605 2701 uita
622 2653 648 2700 in
671 2651 697 2700 V
712 2653 773 2704 add.
797 2668 828 2706 m.
847 2669 900 2719 rec.
971 2655 994 2707 5.
1018 2653 1090 2705 iudet
1114 2657 1140 2706 D

168 2721 321 2782 sequuntur
343 2717 370 2766 V
419 2721 506 2768 elom.
519 2719 544 2768 D
613 2718 637 2767 6.
656 2718 835 2784 htppocnorts
854 2721 887 2784 I),
906 2721 1092 2786 hyppocrates
1116 2723 1144 2772 V

171 2786 211 2835 10.
229 2785 271 2833 ita
290 2789 318 2834 et
340 2785 366 2832 V
433 2787 472 2834 11.
486 2785 578 2835 ubiV
627 2788 800 2851 rntqenraD
870 2790 911 2837 12.
930 2802 1094 2853 ponrtrtoue
1114 2793 1141 2840 D

169 2854 213 2902 13.
231 2849 471 2917 quodnaqiusimos
490 2853 523 2912 D,
544 2852 770 2918 quadregesimos
793 2855 820 2902 V
869 2856 993 2922 insignos
1016 2857 1048 2918 V,
1066 2873 1140 2908 corr.

95 2952 107 2964 2
169 2923 184 2967 1
205 2935 237 2968 m.
310 2921 350 2968 14.
374 2934 518 2985 puequaus
536 2935 605 2967 *aa*
624 2935 695 2970 aure
722 2919 831 2984 (litteris
856 2930 977 2988 quattuor
998 2926 1140 2990 quinqueve

169 2985 264 3051 erasis)
283 2986 324 3049 D,
348 3002 487 3052 pregnans
506 2991 572 3037 ante
595 2988 622 3035 V
688 2988 928 3054 quadragesimum
950 2990 978 3040 V
1041 3007 1141 3056 proce-

169 3053 210 3102 dit
237 3055 299 3105 dV
364 3056 405 3106 17.
432 3054 543 3120 paruuli
573 3055 601 3105 V
665 3052 737 3121 fere]
765 3055 867 3107 infirmi
892 3059 1070 3110 Lucbmaunuo

170 3123 213 3171 19.
230 3136 385 3185 paaeaemr
403 3122 461 3172 DV
526 3137 694 3188 adtremere,
712 3126 760 3174 sed
777 3127 883 3174 alterum
901 3141 935 3176 ne
954 3143 1065 3185 erasum.
1085 3129 1111 3177 D

107 3213 109 3216 ⁴
169 3190 211 3238 20.
231 3201 454 3240 eccerauocteuu
471 3191 510 3250 Ι),,
535 3205 787 3241 mecoenaxosreuu
810 3193 848 3254 V,
872 3195 1140 3246 carabachmoniis

168 3256 207 3306 hu
225 3258 250 3306 D
320 3259 362 3306 21.
381 3254 514 3307 buoceum
533 3272 694 3325 ocroqeura
712 3258 868 3323 (octoginta
886 3258 915 3325 d)
933 3263 958 3311 J)
1027 3264 1069 3317 22.
1090 3263 1140 3313 eb·

168 3323 302 3375 domedee
324 3325 352 3373 V
416 3326 457 3374 23.
477 3324 636 3376 ebdomadis
658 3327 684 3375 V
745 3326 802 3378 bie*
829 3325 897 3391 (dies
916 3335 976 3379 ante
993 3328 1060 3392 rae.)
1079 3332 1103 3379 D

170 3391 212 3442 24.
231 3390 436 3442 ducentesimus
454 3394 676 3458 septuagesimus
699 3399 810 3458 quartus
836 3392 897 3458 (noa
915 3398 1022 3461 portua)
1045 3398 1070 3445 V

167 3459 210 3510 26.
228 3458 415 3512 chanoeonum
433 3460 491 3509 DV
