<?xml version="1.0" encoding="UTF-8"?>
<!DOCTYPE html PUBLIC "-//W3C//DTD XHTML 1.0 Transitional//EN"
    "http://www.w3.org/TR/xhtml1/DTD/xhtml1-transitional.dtd">
<html xmlns="http://www.w3.org/1999/xhtml" xml:lang="en" lang="en">
 <head>
  <title>
</title>
<meta http-equiv="Content-Type" content="text/html;charset=utf-8" />
  <meta name='ocr-system' content='tesseract 3.04.00' />
  <meta name='ocr-capabilities' content='ocr_page ocr_carea ocr_par ocr_line ocrx_word'/>
</head>
<body>
  <div class='ocr_page' id='page_1' title='image "./censorinidedien02censgoog_0054.png"; bbox 0 0 2400 3848; ppageno 0'>
   <div class='ocr_carea' id='block_1_1' title="bbox 382 167 1095 231">
    <p class='ocr_par' dir='ltr' id='par_1_1' title="bbox 382 167 1095 231">
     <span class='ocr_line' id='line_1_1' title="bbox 382 167 1095 231; baseline 0.003 -2"><span class='ocrx_word' id='word_1_1' title='bbox 382 182 430 229; x_wconf 85' lang='lat' dir='ltr'><strong>ou</strong></span> <span class='ocrx_word' id='word_1_2' title='bbox 452 181 514 229; x_wconf 83' lang='lat' dir='ltr'><strong>mu</strong></span> <span class='ocrx_word' id='word_1_3' title='bbox 537 181 669 229; x_wconf 76' lang='lat' dir='ltr'><strong>uarum</strong></span> <span class='ocrx_word' id='word_1_4' title='bbox 691 181 767 230; x_wconf 74' lang='lat' dir='ltr'><strong>cae.</strong></span> <span class='ocrx_word' id='word_1_5' title='bbox 782 184 840 230; x_wconf 82' lang='lat' dir='ltr'><strong>xx.</strong></span> <span class='ocrx_word' id='word_1_6' title='bbox 1054 167 1095 231; x_wconf 87' lang='grc'><strong>41</strong></span> 
     </span>
    </p>
   </div>
   <div class='ocr_carea' id='block_1_2' title="bbox 89 319 1098 740">
    <p class='ocr_par' dir='ltr' id='par_1_2' title="bbox 89 319 1098 740">
     <span class='ocr_line' id='line_1_2' title="bbox 125 319 1097 402; baseline 0.005 -21"><span class='ocrx_word' id='word_1_7' title='bbox 125 320 217 383; x_wconf 90' lang='lat' dir='ltr'><strong>rudes</strong></span> <span class='ocrx_word' id='word_1_8' title='bbox 245 323 331 383; x_wconf 91' lang='lat' dir='ltr'><strong>etiam</strong></span> <span class='ocrx_word' id='word_1_9' title='bbox 351 331 415 384; x_wconf 90' lang='lat' dir='ltr'><strong>tum</strong></span> <span class='ocrx_word' id='word_1_10' title='bbox 438 322 495 383; x_wconf 88' lang='lat' dir='ltr'><strong>sibi</strong></span> <span class='ocrx_word' id='word_1_11' title='bbox 515 339 650 402; x_wconf 90' lang='lat' dir='ltr'><strong>quaeque</strong></span> <span class='ocrx_word' id='word_1_12' title='bbox 671 319 851 392; x_wconf 77' lang='lat' dir='ltr'><strong>statuebant,</strong></span> <span class='ocrx_word' id='word_1_13' title='bbox 882 330 940 382; x_wconf 91' lang='lat' dir='ltr'><strong>tam</strong></span> <span class='ocrx_word' id='word_1_14' title='bbox 964 324 1044 384; x_wconf 90' lang='lat' dir='ltr'><strong>inter</strong></span> <span class='ocrx_word' id='word_1_15' title='bbox 1065 343 1097 386; x_wconf 87' lang='lat' dir='ltr'><strong>se</strong></span> 
     </span>
     <span class='ocr_line' id='line_1_3' title="bbox 127 406 1097 486; baseline 0.002 -19"><span class='ocrx_word' id='word_1_16' title='bbox 127 407 299 484; x_wconf 84' lang='lat' dir='ltr'><strong>discrepent</strong></span> <span class='ocrx_word' id='word_1_17' title='bbox 320 425 408 486; x_wconf 89' lang='lat' dir='ltr'><strong>quam</strong></span> <span class='ocrx_word' id='word_1_18' title='bbox 431 426 496 468; x_wconf 91' lang='lat' dir='ltr'><strong>cum</strong></span> <span class='ocrx_word' id='word_1_19' title='bbox 519 406 571 467; x_wconf 90' lang='lat' dir='ltr'><strong>illo</strong></span> <span class='ocrx_word' id='word_1_20' title='bbox 587 406 715 467; x_wconf 89' lang='lat' dir='ltr'><strong>naturali</strong></span> <span class='ocrx_word' id='word_1_21' title='bbox 735 425 795 468; x_wconf 91' lang='lat' dir='ltr'><strong>nou</strong></span> <span class='ocrx_word' id='word_1_22' title='bbox 817 408 1000 484; x_wconf 70' lang='lat' dir='ltr'><strong>congruant?</strong></span> <span class='ocrx_word' id='word_1_23' title='bbox 1024 414 1053 469; x_wconf 88' lang='lat' dir='ltr'><strong>et</strong></span> <span class='ocrx_word' id='word_1_24' title='bbox 1067 411 1097 469; x_wconf 92' lang='lat' dir='ltr'><strong>in</strong></span> 
     </span>
     <span class='ocr_line' id='line_1_4' title="bbox 127 491 1098 572; baseline 0.002 -20"><span class='ocrx_word' id='word_1_25' title='bbox 127 494 260 571; x_wconf 77' lang='lat' dir='ltr'><strong>Aegypto</strong></span> <span class='ocrx_word' id='word_1_26' title='bbox 278 492 396 570; x_wconf 88' lang='lat' dir='ltr'><strong>quidem</strong></span> <span class='ocrx_word' id='word_1_27' title='bbox 413 493 648 572; x_wconf 87' lang='lat' dir='ltr'><strong>antiquissimum</strong></span> <span class='ocrx_word' id='word_1_28' title='bbox 664 491 763 553; x_wconf 84' lang='lat' dir='ltr'><strong>terunt</strong></span> <span class='ocrx_word' id='word_1_29' title='bbox 783 509 894 552; x_wconf 92' lang='lat' dir='ltr'><strong>anuum</strong></span> <span class='ocrx_word' id='word_1_30' title='bbox 910 498 1098 554; x_wconf 89' lang='lat' dir='ltr'><strong>menstruum</strong></span> 
     </span>
     <span class='ocr_line' id='line_1_5' title="bbox 126 575 1097 655; baseline 0.001 -20"><span class='ocrx_word' id='word_1_31' title='bbox 126 577 231 647; x_wconf 86' lang='lat' dir='ltr'><strong>tuisse,</strong></span> <span class='ocrx_word' id='word_1_32' title='bbox 263 583 330 654; x_wconf 91' lang='lat' dir='ltr'><strong>post</strong></span> <span class='ocrx_word' id='word_1_33' title='bbox 357 576 464 638; x_wconf 90' lang='lat' dir='ltr'><strong>deiude</strong></span> <span class='ocrx_word' id='word_1_34' title='bbox 490 576 526 637; x_wconf 94' lang='lat' dir='ltr'><strong>ab</strong></span> <span class='ocrx_word' id='word_1_35' title='bbox 554 578 641 638; x_wconf 90' lang='lat' dir='ltr'><strong>lsoue</strong></span> <span class='ocrx_word' id='word_1_36' title='bbox 667 594 738 654; x_wconf 90' lang='lat' dir='ltr'><strong>rege</strong></span> <span class='ocrx_word' id='word_1_37' title='bbox 764 575 1032 655; x_wconf 89' lang='lat' dir='ltr'><strong>quadrimenstrem</strong></span> <span class='ocrx_word' id='word_1_38' title='bbox 1053 578 1097 637; x_wconf 82' lang='lat' dir='ltr'><strong>ia·</strong></span> 
     </span>
     <span class='ocr_line' id='line_1_6' title="bbox 89 658 1096 740; baseline 0 -18"><span class='ocrx_word' id='word_1_39' title='bbox 89 673 106 722; x_wconf 77' lang='grc'><strong>5</strong></span> <span class='ocrx_word' id='word_1_40' title='bbox 128 669 222 732; x_wconf 90' lang='lat' dir='ltr'><strong>ctum,</strong></span> <span class='ocrx_word' id='word_1_41' title='bbox 246 661 405 722; x_wconf 78' lang='lat' dir='ltr'><strong>novissime</strong></span> <span class='ocrx_word' id='word_1_42' title='bbox 427 662 569 721; x_wconf 75' lang='lat' dir='ltr'><strong>Arminou</strong></span> <span class='ocrx_word' id='word_1_43' title='bbox 593 661 628 722; x_wconf 95' lang='lat' dir='ltr'><strong>ad</strong></span> <span class='ocrx_word' id='word_1_44' title='bbox 649 658 716 721; x_wconf 81' lang='lat' dir='ltr'><strong>xm</strong></span> <span class='ocrx_word' id='word_1_45' title='bbox 737 679 856 722; x_wconf 89' lang='lat' dir='ltr'><strong>menses</strong></span> <span class='ocrx_word' id='word_1_46' title='bbox 878 668 908 722; x_wconf 89' lang='lat' dir='ltr'><strong>et</strong></span> <span class='ocrx_word' id='word_1_47' title='bbox 928 661 992 721; x_wconf 90' lang='lat' dir='ltr'><strong>dies</strong></span> <span class='ocrx_word' id='word_1_48' title='bbox 1012 663 1096 740; x_wconf 91' lang='lat' dir='ltr'><strong>quiu-</strong></span> 
     </span>
    </p>
   </div>
   <div class='ocr_carea' id='block_1_3' title="bbox 74 744 1151 2344">
    <p class='ocr_par' dir='ltr' id='par_1_3' title="bbox 126 744 1131 1078">
     <span class='ocr_line' id='line_1_7' title="bbox 127 744 1131 824; baseline -0.001 -19"><span class='ocrx_word' id='word_1_49' title='bbox 127 763 185 824; x_wconf 88' lang='lat' dir='ltr'><strong>que</strong></span> <span class='ocrx_word' id='word_1_50' title='bbox 208 744 392 824; x_wconf 83' lang='lat' dir='ltr'><strong>perduxisse.</strong></span> <span class='ocrx_word' id='word_1_51' title='bbox 423 747 493 806; x_wconf 91' lang='lat' dir='ltr'><strong>item</strong></span> <span class='ocrx_word' id='word_1_52' title='bbox 513 747 545 805; x_wconf 91' lang='lat' dir='ltr'><strong>in</strong></span> <span class='ocrx_word' id='word_1_53' title='bbox 566 745 675 808; x_wconf 81' lang='lat' dir='ltr'>Achaia</span> <span class='ocrx_word' id='word_1_54' title='bbox 694 745 824 807; x_wconf 75' lang='lat' dir='ltr'><strong>Arcades</strong></span> <span class='ocrx_word' id='word_1_55' title='bbox 845 747 1023 806; x_wconf 83' lang='lat' dir='ltr'><strong>trimestrem</strong></span> <span class='ocrx_word' id='word_1_56' title='bbox 1045 754 1131 806; x_wconf 85' lang='lat' dir='ltr'><strong>an·5</strong></span> 
     </span>
     <span class='ocr_line' id='line_1_8' title="bbox 126 829 1097 910; baseline 0.002 -21"><span class='ocrx_word' id='word_1_57' title='bbox 126 847 198 890; x_wconf 95' lang='lat' dir='ltr'><strong>num</strong></span> <span class='ocrx_word' id='word_1_58' title='bbox 213 830 311 908; x_wconf 88' lang='lat' dir='ltr'><strong>primo</strong></span> <span class='ocrx_word' id='word_1_59' title='bbox 333 829 472 892; x_wconf 90' lang='lat' dir='ltr'><strong>babuisse</strong></span> <span class='ocrx_word' id='word_1_60' title='bbox 488 830 639 901; x_wconf 90' lang='lat' dir='ltr'><strong>dicuntur,</strong></span> <span class='ocrx_word' id='word_1_61' title='bbox 662 836 691 891; x_wconf 89' lang='lat' dir='ltr'><strong>et</strong></span> <span class='ocrx_word' id='word_1_62' title='bbox 707 829 744 890; x_wconf 95' lang='lat' dir='ltr'><strong>ob</strong></span> <span class='ocrx_word' id='word_1_63' title='bbox 760 829 788 890; x_wconf 94' lang='lat' dir='ltr'><strong>id</strong></span> <span class='ocrx_word' id='word_1_64' title='bbox 804 829 981 908; x_wconf 88' lang='lat' dir='ltr'><strong>proselenoc</strong></span> <span class='ocrx_word' id='word_1_65' title='bbox 997 831 1097 910; x_wconf 88' lang='lat' dir='ltr'><strong>appel·</strong></span> 
     </span>
     <span class='ocr_line' id='line_1_9' title="bbox 128 913 1096 993; baseline 0.003 -20"><span class='ocrx_word' id='word_1_66' title='bbox 128 913 192 984; x_wconf 89' lang='lat' dir='ltr'><strong>lati,</strong></span> <span class='ocrx_word' id='word_1_67' title='bbox 223 932 300 983; x_wconf 90' lang='lat' dir='ltr'><strong>non,</strong></span> <span class='ocrx_word' id='word_1_68' title='bbox 331 922 364 975; x_wconf 93' lang='lat' dir='ltr'><strong>ut</strong></span> <span class='ocrx_word' id='word_1_69' title='bbox 384 915 502 993; x_wconf 89' lang='lat' dir='ltr'><strong>quidam</strong></span> <span class='ocrx_word' id='word_1_70' title='bbox 523 921 641 992; x_wconf 90' lang='lat' dir='ltr'><strong>putant,</strong></span> <span class='ocrx_word' id='word_1_71' title='bbox 670 913 752 992; x_wconf 77' lang='lat' dir='ltr'><strong>quod</strong></span> <span class='ocrx_word' id='word_1_72' title='bbox 776 921 843 975; x_wconf 91' lang='lat' dir='ltr'><strong>ante</strong></span> <span class='ocrx_word' id='word_1_73' title='bbox 858 917 917 974; x_wconf 92' lang='lat' dir='ltr'><strong>sint</strong></span> <span class='ocrx_word' id='word_1_74' title='bbox 932 916 992 975; x_wconf 92' lang='lat' dir='ltr'><strong>uati</strong></span> <span class='ocrx_word' id='word_1_75' title='bbox 1008 932 1096 992; x_wconf 91' lang='lat' dir='ltr'><strong>quam</strong></span> 
     </span>
     <span class='ocr_line' id='line_1_10' title="bbox 126 997 1098 1078; baseline 0.002 -20"><span class='ocrx_word' id='word_1_76' title='bbox 126 997 215 1059; x_wconf 88' lang='lat' dir='ltr'><strong>lunae</strong></span> <span class='ocrx_word' id='word_1_77' title='bbox 236 1005 348 1060; x_wconf 92' lang='lat' dir='ltr'><strong>astrum</strong></span> <span class='ocrx_word' id='word_1_78' title='bbox 370 998 451 1060; x_wconf 92' lang='lat' dir='ltr'><strong>caelo</strong></span> <span class='ocrx_word' id='word_1_79' title='bbox 472 1006 564 1069; x_wconf 90' lang='lat' dir='ltr'><strong>esset,</strong></span> <span class='ocrx_word' id='word_1_80' title='bbox 589 999 641 1059; x_wconf 92' lang='lat' dir='ltr'><strong>sed</strong></span> <span class='ocrx_word' id='word_1_81' title='bbox 663 998 742 1078; x_wconf 91' lang='lat' dir='ltr'><strong>quod</strong></span> <span class='ocrx_word' id='word_1_82' title='bbox 763 1000 847 1077; x_wconf 89' lang='lat' dir='ltr'><strong>prius</strong></span> <span class='ocrx_word' id='word_1_83' title='bbox 867 997 1024 1060; x_wconf 89' lang='lat' dir='ltr'><strong>habuerint</strong></span> <span class='ocrx_word' id='word_1_84' title='bbox 1046 1018 1098 1060; x_wconf 90' lang='lat' dir='ltr'><strong>an-</strong></span> 
     </span>
    </p>

    <p class='ocr_par' dir='ltr' id='par_1_4' title="bbox 74 1082 1132 1500">
     <span class='ocr_line' id='line_1_11' title="bbox 74 1082 1096 1160; baseline 0.001 -17"><span class='ocrx_word' id='word_1_85' title='bbox 74 1095 108 1144; x_wconf 84' lang='lat'><strong>10</strong></span> <span class='ocrx_word' id='word_1_86' title='bbox 128 1101 199 1144; x_wconf 94' lang='lat' dir='ltr'><strong>num</strong></span> <span class='ocrx_word' id='word_1_87' title='bbox 222 1101 313 1160; x_wconf 80' lang='lat' dir='ltr'><strong>quom</strong></span> <span class='ocrx_word' id='word_1_88' title='bbox 333 1085 358 1143; x_wconf 91' lang='lat' dir='ltr'><strong>is</strong></span> <span class='ocrx_word' id='word_1_89' title='bbox 378 1087 409 1144; x_wconf 92' lang='lat' dir='ltr'><strong>in</strong></span> <span class='ocrx_word' id='word_1_90' title='bbox 425 1084 549 1144; x_wconf 85' lang='lat' dir='ltr'><strong>Graecia</strong></span> <span class='ocrx_word' id='word_1_91' title='bbox 564 1083 601 1144; x_wconf 88' lang='lat' dir='ltr'><strong>ad</strong></span> <span class='ocrx_word' id='word_1_92' title='bbox 616 1082 704 1145; x_wconf 92' lang='lat' dir='ltr'><strong>lunae</strong></span> <span class='ocrx_word' id='word_1_93' title='bbox 721 1102 842 1145; x_wconf 91' lang='lat' dir='ltr'><strong>cursum</strong></span> <span class='ocrx_word' id='word_1_94' title='bbox 858 1086 1096 1145; x_wconf 84' lang='lat' dir='ltr'><strong>constitueretur.</strong></span> 
     </span>
     <span class='ocr_line' id='line_1_12' title="bbox 127 1167 1132 1247; baseline -0.002 -21"><span class='ocrx_word' id='word_1_95' title='bbox 127 1174 197 1227; x_wconf 92' lang='lat' dir='ltr'><strong>sunt</strong></span> <span class='ocrx_word' id='word_1_96' title='bbox 221 1170 273 1247; x_wconf 86' lang='lat' dir='ltr'><strong>qui</strong></span> <span class='ocrx_word' id='word_1_97' title='bbox 297 1168 418 1229; x_wconf 91' lang='lat' dir='ltr'><strong>tradunt</strong></span> <span class='ocrx_word' id='word_1_98' title='bbox 443 1168 523 1228; x_wconf 92' lang='lat' dir='ltr'><strong>hunc</strong></span> <span class='ocrx_word' id='word_1_99' title='bbox 549 1186 656 1228; x_wconf 92' lang='lat' dir='ltr'><strong>annum</strong></span> <span class='ocrx_word' id='word_1_100' title='bbox 685 1171 863 1229; x_wconf 88' lang='lat' dir='ltr'><strong>trimestrem</strong></span> <span class='ocrx_word' id='word_1_101' title='bbox 886 1167 989 1228; x_wconf 92' lang='lat' dir='ltr'><strong>Horou</strong></span> <span class='ocrx_word' id='word_1_102' title='bbox 1015 1171 1132 1230; x_wconf 78' lang='lat' dir='ltr'><strong>insti-o</strong></span> 
     </span>
     <span class='ocr_line' id='line_1_13' title="bbox 127 1252 1099 1331; baseline 0.004 -20"><span class='ocrx_word' id='word_1_103' title='bbox 127 1253 235 1322; x_wconf 90' lang='lat' dir='ltr'><strong>tuisse,</strong></span> <span class='ocrx_word' id='word_1_104' title='bbox 263 1271 357 1331; x_wconf 87' lang='lat' dir='ltr'><strong>eoque</strong></span> <span class='ocrx_word' id='word_1_105' title='bbox 379 1272 430 1313; x_wconf 89' lang='lat' dir='ltr'><strong>ver</strong></span> <span class='ocrx_word' id='word_1_106' title='bbox 452 1260 593 1314; x_wconf 88' lang='lat' dir='ltr'><strong>aestatem</strong></span> <span class='ocrx_word' id='word_1_107' title='bbox 617 1264 792 1314; x_wconf 91' lang='lat' dir='ltr'><strong>autumnum</strong></span> <span class='ocrx_word' id='word_1_108' title='bbox 813 1252 943 1314; x_wconf 87' lang='lat' dir='ltr'><strong>hiemem</strong></span> <span class='ocrx_word' id='word_1_109' title='bbox 958 1252 1099 1315; x_wconf 90' lang='lat' dir='ltr'><strong>boras·et</strong></span> 
     </span>
     <span class='ocr_line' id='line_1_14' title="bbox 128 1336 1099 1417; baseline 0.003 -21"><span class='ocrx_word' id='word_1_110' title='bbox 128 1354 238 1397; x_wconf 92' lang='lat' dir='ltr'><strong>annum</strong></span> <span class='ocrx_word' id='word_1_111' title='bbox 254 1339 352 1399; x_wconf 81' lang='lat' dir='ltr'><strong>boren</strong></span> <span class='ocrx_word' id='word_1_112' title='bbox 367 1338 439 1408; x_wconf 87' lang='lat' dir='ltr'><strong>dici,</strong></span> <span class='ocrx_word' id='word_1_113' title='bbox 469 1344 498 1398; x_wconf 91' lang='lat' dir='ltr'><strong>et</strong></span> <span class='ocrx_word' id='word_1_114' title='bbox 513 1338 644 1400; x_wconf 86' lang='lat' dir='ltr'><strong>Graecos</strong></span> <span class='ocrx_word' id='word_1_115' title='bbox 665 1336 785 1398; x_wconf 85' lang='lat' dir='ltr'><strong>annates</strong></span> <span class='ocrx_word' id='word_1_116' title='bbox 800 1337 906 1406; x_wconf 92' lang='lat' dir='ltr'><strong>horus,</strong></span> <span class='ocrx_word' id='word_1_117' title='bbox 935 1355 1099 1417; x_wconf 91' lang='lat' dir='ltr'><strong>eorumque</strong></span> 
     </span>
     <span class='ocr_line' id='line_1_15' title="bbox 128 1421 1098 1500; baseline 0.002 -20"><span class='ocrx_word' id='word_1_118' title='bbox 128 1423 290 1500; x_wconf 86' lang='lat' dir='ltr'><strong>scriptores</strong></span> <span class='ocrx_word' id='word_1_119' title='bbox 310 1421 524 1500; x_wconf 87' lang='lat' dir='ltr'><strong>borograpbos.</strong></span> <span class='ocrx_word' id='word_1_120' title='bbox 560 1423 658 1500; x_wconf 90' lang='lat' dir='ltr'><strong>itaque</strong></span> <span class='ocrx_word' id='word_1_121' title='bbox 674 1429 812 1500; x_wconf 90' lang='lat' dir='ltr'><strong>quattuor</strong></span> <span class='ocrx_word' id='word_1_122' title='bbox 828 1439 974 1482; x_wconf 92' lang='lat' dir='ltr'><strong>annorum</strong></span> <span class='ocrx_word' id='word_1_123' title='bbox 991 1424 1098 1482; x_wconf 92' lang='lat' dir='ltr'><strong>circui·</strong></span> 
     </span>
    </p>

    <p class='ocr_par' dir='ltr' id='par_1_5' title="bbox 76 1504 1132 1652">
     <span class='ocr_line' id='line_1_16' title="bbox 76 1504 1096 1585; baseline 0.002 -21"><span class='ocrx_word' id='word_1_124' title='bbox 76 1515 109 1565; x_wconf 79' lang='lat'><strong>15</strong></span> <span class='ocrx_word' id='word_1_125' title='bbox 128 1513 192 1566; x_wconf 91' lang='lat' dir='ltr'><strong>tum</strong></span> <span class='ocrx_word' id='word_1_126' title='bbox 216 1507 246 1565; x_wconf 91' lang='lat' dir='ltr'><strong>in</strong></span> <span class='ocrx_word' id='word_1_127' title='bbox 272 1506 393 1567; x_wconf 91' lang='lat' dir='ltr'><strong>modum</strong></span> <span class='ocrx_word' id='word_1_128' title='bbox 414 1506 627 1585; x_wconf 83' lang='lat' dir='ltr'><strong>pentasteridis</strong></span> <span class='ocrx_word' id='word_1_129' title='bbox 653 1523 762 1566; x_wconf 91' lang='lat' dir='ltr'><strong>annum</strong></span> <span class='ocrx_word' id='word_1_130' title='bbox 788 1522 927 1583; x_wconf 91' lang='lat' dir='ltr'><strong>magnum</strong></span> <span class='ocrx_word' id='word_1_131' title='bbox 950 1504 1096 1568; x_wconf 90' lang='lat' dir='ltr'><strong>dicebant.</strong></span> 
     </span>
     <span class='ocr_line' id='line_1_17' title="bbox 129 1588 1132 1652; baseline -0.005 -1"><span class='ocrx_word' id='word_1_132' title='bbox 129 1590 218 1651; x_wconf 86' lang='lat' dir='ltr'><strong>Cares</strong></span> <span class='ocrx_word' id='word_1_133' title='bbox 244 1597 341 1651; x_wconf 91' lang='lat' dir='ltr'><strong>autem</strong></span> <span class='ocrx_word' id='word_1_134' title='bbox 369 1598 399 1652; x_wconf 91' lang='lat' dir='ltr'><strong>et</strong></span> <span class='ocrx_word' id='word_1_135' title='bbox 420 1592 589 1651; x_wconf 81' lang='lat' dir='ltr'><strong>Acarnanes</strong></span> <span class='ocrx_word' id='word_1_136' title='bbox 615 1597 795 1651; x_wconf 86' lang='lat' dir='ltr'><strong>semenstres</strong></span> <span class='ocrx_word' id='word_1_137' title='bbox 816 1588 985 1650; x_wconf 92' lang='lat' dir='ltr'><strong>babuerunt</strong></span> <span class='ocrx_word' id='word_1_138' title='bbox 1005 1596 1132 1651; x_wconf 76' lang='lat' dir='ltr'><strong>auuost</strong></span> 
     </span>
    </p>

    <p class='ocr_par' dir='ltr' id='par_1_6' title="bbox 85 1674 1100 1921">
     <span class='ocr_line' id='line_1_18' title="bbox 85 1674 1100 1754; baseline 0.002 -19"><span class='ocrx_word' id='word_1_139' title='bbox 85 1678 89 1683; x_wconf 79' lang='grc'>’</span> <span class='ocrx_word' id='word_1_140' title='bbox 128 1681 158 1735; x_wconf 91' lang='lat' dir='ltr'><strong>et</strong></span> <span class='ocrx_word' id='word_1_141' title='bbox 173 1675 249 1734; x_wconf 89' lang='lat' dir='ltr'><strong>inter</strong></span> <span class='ocrx_word' id='word_1_142' title='bbox 265 1692 297 1735; x_wconf 88' lang='lat' dir='ltr'><strong>se</strong></span> <span class='ocrx_word' id='word_1_143' title='bbox 313 1674 483 1744; x_wconf 90' lang='lat' dir='ltr'><strong>dissimiles,</strong></span> <span class='ocrx_word' id='word_1_144' title='bbox 506 1674 613 1754; x_wconf 89' lang='lat' dir='ltr'><strong>quibus</strong></span> <span class='ocrx_word' id='word_1_145' title='bbox 628 1674 749 1735; x_wconf 83' lang='lat' dir='ltr'><strong>alternis</strong></span> <span class='ocrx_word' id='word_1_146' title='bbox 764 1675 827 1736; x_wconf 91' lang='lat' dir='ltr'><strong>dies</strong></span> <span class='ocrx_word' id='word_1_147' title='bbox 842 1683 1035 1752; x_wconf 84' lang='lat' dir='ltr'><strong>augescerent</strong></span> <span class='ocrx_word' id='word_1_148' title='bbox 1050 1684 1100 1737; x_wconf 89' lang='lat' dir='ltr'><strong>aut</strong></span> 
     </span>
     <span class='ocr_line' id='line_1_19' title="bbox 128 1758 1099 1837; baseline 0 -17"><span class='ocrx_word' id='word_1_149' title='bbox 128 1769 333 1830; x_wconf 86' lang='lat' dir='ltr'><strong>senescerent,</strong></span> <span class='ocrx_word' id='word_1_150' title='bbox 366 1777 476 1837; x_wconf 89' lang='lat' dir='ltr'><strong>eosque</strong></span> <span class='ocrx_word' id='word_1_151' title='bbox 503 1761 677 1820; x_wconf 88' lang='lat' dir='ltr'><strong>coniunctos</strong></span> <span class='ocrx_word' id='word_1_152' title='bbox 703 1759 782 1820; x_wconf 87' lang='lat' dir='ltr'><strong>velut</strong></span> <span class='ocrx_word' id='word_1_153' title='bbox 807 1758 962 1820; x_wconf 88' lang='lat' dir='ltr'><strong>trieterida</strong></span> <span class='ocrx_word' id='word_1_154' title='bbox 988 1777 1099 1820; x_wconf 92' lang='lat' dir='ltr'><strong>annum</strong></span> 
     </span>
     <span class='ocr_line' id='line_1_20' title="bbox 128 1860 278 1921; baseline -0.013 -16"><span class='ocrx_word' id='word_1_155' title='bbox 128 1860 278 1921; x_wconf 91' lang='lat' dir='ltr'><strong>magnum.</strong></span> 
     </span>
    </p>

    <p class='ocr_par' dir='ltr' id='par_1_7' title="bbox 75 1926 1151 2344">
     <span class='ocr_line' id='line_1_21' title="bbox 75 1926 1151 2006; baseline 0.002 -20"><span class='ocrx_word' id='word_1_156' title='bbox 75 1936 111 1986; x_wconf 77' lang='lat'><strong>20</strong></span> <span class='ocrx_word' id='word_1_157' title='bbox 194 1928 252 1988; x_wconf 87' lang='lat' dir='ltr'><strong>Sed</strong></span> <span class='ocrx_word' id='word_1_158' title='bbox 278 1935 311 1988; x_wconf 91' lang='lat' dir='ltr'><strong>ut</strong></span> <span class='ocrx_word' id='word_1_159' title='bbox 336 1927 391 1988; x_wconf 89' lang='lat' dir='ltr'><strong>hos</strong></span> <span class='ocrx_word' id='word_1_160' title='bbox 418 1945 511 1989; x_wconf 91' lang='lat' dir='ltr'><strong>annos</strong></span> <span class='ocrx_word' id='word_1_161' title='bbox 538 1929 671 1988; x_wconf 88' lang='lat' dir='ltr'><strong>omittam</strong></span> <span class='ocrx_word' id='word_1_162' title='bbox 698 1926 822 2005; x_wconf 88' lang='lat' dir='ltr'><strong>caligine</strong></span> <span class='ocrx_word' id='word_1_163' title='bbox 848 1927 905 1989; x_wconf 94' lang='lat' dir='ltr'><strong>iam</strong></span> <span class='ocrx_word' id='word_1_164' title='bbox 931 1926 1151 2006; x_wconf 67' lang='lat' dir='ltr'><strong>profundaett)</strong></span> 
     </span>
     <span class='ocr_line' id='line_1_22' title="bbox 130 2011 1100 2090; baseline 0.003 -20"><span class='ocrx_word' id='word_1_165' title='bbox 130 2013 283 2072; x_wconf 87' lang='lat' dir='ltr'><strong>vetustatis</strong></span> <span class='ocrx_word' id='word_1_166' title='bbox 304 2011 465 2082; x_wconf 90' lang='lat' dir='ltr'><strong>obductos,</strong></span> <span class='ocrx_word' id='word_1_167' title='bbox 492 2014 522 2071; x_wconf 95' lang='lat' dir='ltr'><strong>in</strong></span> <span class='ocrx_word' id='word_1_168' title='bbox 544 2011 590 2072; x_wconf 87' lang='lat' dir='ltr'><strong>bis</strong></span> <span class='ocrx_word' id='word_1_169' title='bbox 612 2029 744 2090; x_wconf 85' lang='lat' dir='ltr'><strong>quoque,</strong></span> <span class='ocrx_word' id='word_1_170' title='bbox 772 2013 906 2089; x_wconf 90' lang='lat' dir='ltr'><strong>quisunt</strong></span> <span class='ocrx_word' id='word_1_171' title='bbox 926 2013 1100 2073; x_wconf 83' lang='lat' dir='ltr'><strong>recentioris</strong></span> 
     </span>
     <span class='ocr_line' id='line_1_23' title="bbox 131 2093 1099 2175; baseline 0 -19"><span class='ocrx_word' id='word_1_172' title='bbox 131 2099 292 2158; x_wconf 89' lang='lat' dir='ltr'><strong>memoriae</strong></span> <span class='ocrx_word' id='word_1_173' title='bbox 313 2104 343 2158; x_wconf 88' lang='lat' dir='ltr'><strong>et</strong></span> <span class='ocrx_word' id='word_1_174' title='bbox 363 2096 399 2157; x_wconf 94' lang='lat' dir='ltr'><strong>ad</strong></span> <span class='ocrx_word' id='word_1_175' title='bbox 424 2115 545 2158; x_wconf 93' lang='lat' dir='ltr'><strong>cursum</strong></span> <span class='ocrx_word' id='word_1_176' title='bbox 567 2096 654 2158; x_wconf 90' lang='lat' dir='ltr'><strong>lunae</strong></span> <span class='ocrx_word' id='word_1_177' title='bbox 676 2095 723 2156; x_wconf 86' lang='lat' dir='ltr'><strong>vel</strong></span> <span class='ocrx_word' id='word_1_178' title='bbox 738 2093 807 2157; x_wconf 88' lang='lat' dir='ltr'><strong>solis</strong></span> <span class='ocrx_word' id='word_1_179' title='bbox 828 2097 968 2166; x_wconf 86' lang='lat' dir='ltr'><strong>instituti,</strong></span> <span class='ocrx_word' id='word_1_180' title='bbox 992 2105 1099 2175; x_wconf 89' lang='lat' dir='ltr'><strong>quanta</strong></span> 
     </span>
     <span class='ocr_line' id='line_1_24' title="bbox 131 2179 1100 2258; baseline 0 -17"><span class='ocrx_word' id='word_1_181' title='bbox 131 2182 168 2241; x_wconf 91' lang='lat' dir='ltr'><strong>sit</strong></span> <span class='ocrx_word' id='word_1_182' title='bbox 188 2183 314 2242; x_wconf 88' lang='lat' dir='ltr'><strong>varietas</strong></span> <span class='ocrx_word' id='word_1_183' title='bbox 344 2181 429 2242; x_wconf 79' lang='lat' dir='ltr'><strong>facile</strong></span> <span class='ocrx_word' id='word_1_184' title='bbox 457 2189 502 2242; x_wconf 90' lang='lat' dir='ltr'><strong>est</strong></span> <span class='ocrx_word' id='word_1_185' title='bbox 523 2198 717 2258; x_wconf 84' lang='lat' dir='ltr'><strong>cognoscere,</strong></span> <span class='ocrx_word' id='word_1_186' title='bbox 748 2182 774 2240; x_wconf 94' lang='lat' dir='ltr'><strong>si</strong></span> <span class='ocrx_word' id='word_1_187' title='bbox 796 2182 862 2257; x_wconf 86' lang='lat' dir='ltr'><strong>quis</strong></span> <span class='ocrx_word' id='word_1_188' title='bbox 885 2179 929 2241; x_wconf 89' lang='lat' dir='ltr'><strong>vel</strong></span> <span class='ocrx_word' id='word_1_189' title='bbox 956 2181 986 2240; x_wconf 96' lang='lat' dir='ltr'><strong>in</strong></span> <span class='ocrx_word' id='word_1_190' title='bbox 1013 2181 1100 2241; x_wconf 92' lang='lat' dir='ltr'><strong>unius</strong></span> 
     </span>
     <span class='ocr_line' id='line_1_25' title="bbox 130 2264 1100 2344; baseline -0.001 -18"><span class='ocrx_word' id='word_1_191' title='bbox 130 2264 231 2327; x_wconf 90' lang='lat' dir='ltr'><strong>Italiae</strong></span> <span class='ocrx_word' id='word_1_192' title='bbox 247 2265 393 2341; x_wconf 87' lang='lat' dir='ltr'><strong>gentibus,</strong></span> <span class='ocrx_word' id='word_1_193' title='bbox 410 2283 448 2325; x_wconf 92' lang='lat' dir='ltr'><strong>ne</strong></span> <span class='ocrx_word' id='word_1_194' title='bbox 464 2265 558 2326; x_wconf 90' lang='lat' dir='ltr'><strong>dicam</strong></span> <span class='ocrx_word' id='word_1_195' title='bbox 575 2265 750 2344; x_wconf 83' lang='lat' dir='ltr'><strong>peregrinis,</strong></span> <span class='ocrx_word' id='word_1_196' title='bbox 768 2264 835 2325; x_wconf 90' lang='lat' dir='ltr'><strong>velit</strong></span> <span class='ocrx_word' id='word_1_197' title='bbox 849 2266 1010 2343; x_wconf 86' lang='lat' dir='ltr'><strong>inquirere.</strong></span> <span class='ocrx_word' id='word_1_198' title='bbox 1032 2282 1100 2326; x_wconf 93' lang='lat' dir='ltr'><strong>uam</strong></span> 
     </span>
    </p>
   </div>
   <div class='ocr_carea' id='block_1_4' title="bbox 115 2584 1105 3524">
    <p class='ocr_par' dir='ltr' id='par_1_8' title="bbox 115 2584 1105 3524">
     <span class='ocr_line' id='line_1_26' title="bbox 200 2584 1034 2650; baseline -0.002 -14"><span class='ocrx_word' id='word_1_199' title='bbox 200 2588 224 2636; x_wconf 92' lang='lat'><strong>1.</strong></span> <span class='ocrx_word' id='word_1_200' title='bbox 248 2598 305 2636; x_wconf 83' lang='lat' dir='ltr'><strong>tatu</strong></span> <span class='ocrx_word' id='word_1_201' title='bbox 323 2586 349 2635; x_wconf 87' lang='lat' dir='ltr'><em>D</em></span> <span class='ocrx_word' id='word_1_202' title='bbox 418 2587 443 2635; x_wconf 77' lang='lat'><strong>2.</strong></span> <span class='ocrx_word' id='word_1_203' title='bbox 467 2589 640 2650; x_wconf 78' lang='lat' dir='ltr'><strong>congregant</strong></span> <span class='ocrx_word' id='word_1_204' title='bbox 667 2584 702 2644; x_wconf 89' lang='lat' dir='ltr'><strong>V,</strong></span> <span class='ocrx_word' id='word_1_205' title='bbox 725 2600 794 2637; x_wconf 82' lang='lat' dir='ltr'><strong>corr.</strong></span> <span class='ocrx_word' id='word_1_206' title='bbox 817 2588 883 2635; x_wconf 86' lang='lat' dir='ltr'><strong>m.2</strong></span> <span class='ocrx_word' id='word_1_207' title='bbox 906 2588 932 2634; x_wconf 80' lang='lat' dir='ltr'><strong>io</strong></span> <span class='ocrx_word' id='word_1_208' title='bbox 953 2600 1034 2650; x_wconf 78' lang='lat' dir='ltr'><strong>marg.</strong></span> 
     </span>
     <span class='ocr_line' id='line_1_27' title="bbox 132 2651 1101 2715; baseline -0.002 -12"><span class='ocrx_word' id='word_1_209' title='bbox 132 2655 156 2704; x_wconf 87' lang='grc'><strong>3.</strong></span> <span class='ocrx_word' id='word_1_210' title='bbox 175 2658 344 2703; x_wconf 83' lang='lat' dir='ltr'><strong>menstruum</strong></span> <span class='ocrx_word' id='word_1_211' title='bbox 362 2655 428 2706; x_wconf 84' lang='lat' dir='ltr'><strong>coni.</strong></span> <span class='ocrx_word' id='word_1_212' title='bbox 447 2654 558 2711; x_wconf 82' lang='lat' dir='ltr'><strong>Iobnua,</strong></span> <span class='ocrx_word' id='word_1_213' title='bbox 582 2665 734 2702; x_wconf 76' lang='lat' dir='ltr'><strong>meusrnem</strong></span> <span class='ocrx_word' id='word_1_214' title='bbox 760 2654 815 2715; x_wconf 81' lang='lat' dir='ltr'><strong>(em</strong></span> <span class='ocrx_word' id='word_1_215' title='bbox 832 2655 858 2701; x_wconf 82' lang='lat' dir='ltr'><strong>in</strong></span> <span class='ocrx_word' id='word_1_216' title='bbox 875 2667 929 2704; x_wconf 84' lang='lat' dir='ltr'><strong>rae.</strong></span> <span class='ocrx_word' id='word_1_217' title='bbox 948 2654 1023 2702; x_wconf 85' lang='lat' dir='ltr'><strong>trium</strong></span> <span class='ocrx_word' id='word_1_218' title='bbox 1041 2651 1101 2714; x_wconf 86' lang='lat' dir='ltr'><strong>ttu.)</strong></span> 
     </span>
     <span class='ocr_line' id='line_1_28' title="bbox 115 2720 1035 2785; baseline -0.002 -15"><span class='ocrx_word' id='word_1_219' title='bbox 115 2721 168 2778; x_wconf 70' lang='grc' dir='ltr'><strong>Δ1),</strong></span> <span class='ocrx_word' id='word_1_220' title='bbox 190 2721 369 2771; x_wconf 86' lang='lat' dir='ltr'><strong>bimenstrem</strong></span> <span class='ocrx_word' id='word_1_221' title='bbox 391 2720 429 2783; x_wconf 91' lang='lat' dir='ltr'><strong>V,</strong></span> <span class='ocrx_word' id='word_1_222' title='bbox 452 2721 613 2785; x_wconf 84' lang='lat' dir='ltr'><strong>bimestrem</strong></span> <span class='ocrx_word' id='word_1_223' title='bbox 636 2723 708 2784; x_wconf 79' lang='lat' dir='ltr'><strong>culpo</strong></span> <span class='ocrx_word' id='word_1_224' title='bbox 747 2730 750 2735; x_wconf 83' lang='grc'><strong>’</strong></span> <span class='ocrx_word' id='word_1_225' title='bbox 777 2720 801 2772; x_wconf 84' lang='grc'><strong>5.</strong></span> <span class='ocrx_word' id='word_1_226' title='bbox 826 2731 991 2769; x_wconf 81' lang='lat' dir='ltr'><strong>uoutsstmee</strong></span> <span class='ocrx_word' id='word_1_227' title='bbox 1009 2720 1035 2769; x_wconf 80' lang='grc' dir='ltr'><strong>Ι)</strong></span> 
     </span>
     <span class='ocr_line' id='line_1_29' title="bbox 130 2786 1038 2850; baseline -0.004 -11"><span class='ocrx_word' id='word_1_228' title='bbox 130 2802 188 2839; x_wconf 72' lang='lat'>¹111</span> <span class='ocrx_word' id='word_1_229' title='bbox 207 2803 220 2834; x_wconf 70' lang='lat' dir='ltr'><strong>a</strong></span> <span class='ocrx_word' id='word_1_230' title='bbox 237 2790 276 2850; x_wconf 86' lang='lat' dir='ltr'><strong>D,</strong></span> <span class='ocrx_word' id='word_1_231' title='bbox 303 2803 372 2838; x_wconf 84' lang='lat'>1111·</span> <span class='ocrx_word' id='word_1_232' title='bbox 395 2788 420 2838; x_wconf 88' lang='lat' dir='ltr'><em>V</em></span> <span class='ocrx_word' id='word_1_233' title='bbox 487 2789 512 2843; x_wconf 89' lang='grc'><strong>6,</strong></span> <span class='ocrx_word' id='word_1_234' title='bbox 535 2788 564 2836; x_wconf 91' lang='lat' dir='ltr'><strong>in</strong></span> <span class='ocrx_word' id='word_1_235' title='bbox 587 2787 680 2837; x_wconf 79' lang='lat' dir='ltr'><strong>adicio</strong></span> <span class='ocrx_word' id='word_1_236' title='bbox 706 2787 733 2836; x_wconf 89' lang='lat' dir='ltr'><em>V</em></span> <span class='ocrx_word' id='word_1_237' title='bbox 797 2787 984 2836; x_wconf 82' lang='lat' dir='ltr'><strong>trimenstrem</strong></span> <span class='ocrx_word' id='word_1_238' title='bbox 1010 2786 1038 2835; x_wconf 90' lang='lat' dir='ltr'><em>V</em></span> 
     </span>
     <span class='ocr_line' id='line_1_30' title="bbox 133 2854 1102 2921; baseline -0.001 -15"><span class='ocrx_word' id='word_1_239' title='bbox 133 2856 157 2905; x_wconf 81' lang='lat' dir='ltr'><strong>t.</strong></span> <span class='ocrx_word' id='word_1_240' title='bbox 176 2871 358 2920; x_wconf 72' lang='lat' dir='ltr'><strong>proseneuau</strong></span> <span class='ocrx_word' id='word_1_241' title='bbox 374 2857 409 2917; x_wconf 87' lang='lat' dir='ltr'><strong>D,</strong></span> <span class='ocrx_word' id='word_1_242' title='bbox 428 2870 508 2920; x_wconf 87' lang='lat' dir='ltr'><strong>prose</strong></span> <span class='ocrx_word' id='word_1_243' title='bbox 526 2855 619 2921; x_wconf 70' lang='lat' dir='ltr'><strong>lenam</strong></span> <span class='ocrx_word' id='word_1_244' title='bbox 640 2855 668 2903; x_wconf 92' lang='lat' dir='ltr'><em>V</em></span> <span class='ocrx_word' id='word_1_245' title='bbox 733 2854 987 2918; x_wconf 64' lang='lat' dir='ltr'><strong>apportassent),</strong></span> <span class='ocrx_word' id='word_1_246' title='bbox 1006 2855 1102 2919; x_wconf 85' lang='lat' dir='ltr'><strong>appel·</strong></span> 
     </span>
     <span class='ocr_line' id='line_1_31' title="bbox 132 2920 1103 2988; baseline -0.004 -14"><span class='ocrx_word' id='word_1_247' title='bbox 132 2923 176 2974; x_wconf 85' lang='lat' dir='ltr'><strong>lat</strong></span> <span class='ocrx_word' id='word_1_248' title='bbox 194 2923 222 2972; x_wconf 91' lang='lat' dir='ltr'><strong>id</strong></span> <span class='ocrx_word' id='word_1_249' title='bbox 240 2928 271 2973; x_wconf 93' lang='lat' dir='ltr'><strong>ut</strong></span> <span class='ocrx_word' id='word_1_250' title='bbox 288 2925 316 2981; x_wconf 83' lang='lat' dir='ltr'><strong>d,</strong></span> <span class='ocrx_word' id='word_1_251' title='bbox 342 2922 492 2988; x_wconf 83' lang='lat' dir='ltr'><strong>appellant·</strong></span> <span class='ocrx_word' id='word_1_252' title='bbox 515 2923 547 2973; x_wconf 91' lang='lat' dir='ltr'><strong>Id</strong></span> <span class='ocrx_word' id='word_1_253' title='bbox 565 2926 596 2971; x_wconf 92' lang='lat' dir='ltr'><strong>ut</strong></span> <span class='ocrx_word' id='word_1_254' title='bbox 617 2921 644 2971; x_wconf 93' lang='lat' dir='ltr'><em>V</em></span> <span class='ocrx_word' id='word_1_255' title='bbox 710 2924 734 2972; x_wconf 85' lang='lat'><strong>9.</strong></span> <span class='ocrx_word' id='word_1_256' title='bbox 760 2921 839 2971; x_wconf 89' lang='lat' dir='ltr'><strong>coelo</strong></span> <span class='ocrx_word' id='word_1_257' title='bbox 862 2920 887 2969; x_wconf 91' lang='lat' dir='ltr'><em>V</em></span> <span class='ocrx_word' id='word_1_258' title='bbox 955 2922 995 2970; x_wconf 82' lang='lat' dir='ltr'><strong>to.</strong></span> <span class='ocrx_word' id='word_1_259' title='bbox 1020 2935 1103 2983; x_wconf 84' lang='lat' dir='ltr'><strong>quam</strong></span> 
     </span>
     <span class='ocr_line' id='line_1_32' title="bbox 131 2989 1105 3050; baseline -0.002 -10"><span class='ocrx_word' id='word_1_260' title='bbox 131 3005 180 3043; x_wconf 87' lang='lat' dir='ltr'><strong>om.</strong></span> <span class='ocrx_word' id='word_1_261' title='bbox 201 2990 256 3040; x_wconf 86' lang='lat' dir='ltr'><strong>DV</strong></span> <span class='ocrx_word' id='word_1_262' title='bbox 303 2991 348 3040; x_wconf 88' lang='lat' dir='ltr'><strong>bis</strong></span> <span class='ocrx_word' id='word_1_263' title='bbox 369 2990 395 3039; x_wconf 94' lang='lat' dir='ltr'><em>V</em></span> <span class='ocrx_word' id='word_1_264' title='bbox 445 3002 723 3040; x_wconf 78' lang='lat' dir='ltr'><strong>cousrtruaeaeurua</strong></span> <span class='ocrx_word' id='word_1_265' title='bbox 740 2989 779 3050; x_wconf 86' lang='grc' dir='ltr'><strong>Ι),</strong></span> <span class='ocrx_word' id='word_1_266' title='bbox 800 2989 1034 3038; x_wconf 86' lang='lat' dir='ltr'><strong>constituerentur</strong></span> <span class='ocrx_word' id='word_1_267' title='bbox 1051 2989 1105 3038; x_wconf 85' lang='lat' dir='ltr'><strong>dV</strong></span> 
     </span>
     <span class='ocr_line' id='line_1_33' title="bbox 134 3053 1101 3120; baseline 0 -14"><span class='ocrx_word' id='word_1_268' title='bbox 134 3059 174 3107; x_wconf 93' lang='grc'><strong>11.</strong></span> <span class='ocrx_word' id='word_1_269' title='bbox 192 3059 380 3108; x_wconf 87' lang='lat' dir='ltr'><strong>trimenstrem</strong></span> <span class='ocrx_word' id='word_1_270' title='bbox 402 3057 429 3106; x_wconf 94' lang='lat' dir='ltr'><em>V</em></span> <span class='ocrx_word' id='word_1_271' title='bbox 479 3059 535 3106; x_wconf 40' lang='lat'><strong>¹12.</strong></span> <span class='ocrx_word' id='word_1_272' title='bbox 559 3057 643 3106; x_wconf 90' lang='lat' dir='ltr'><strong>horus</strong></span> <span class='ocrx_word' id='word_1_273' title='bbox 660 3056 728 3115; x_wconf 91' lang='lat' dir='ltr'><strong>DV,</strong></span> <span class='ocrx_word' id='word_1_274' title='bbox 754 3053 829 3118; x_wconf 76' lang='grc' dir='ltr'>ὥρα(</span> <span class='ocrx_word' id='word_1_275' title='bbox 846 3058 919 3120; x_wconf 81' lang='lat' dir='ltr'><strong>culpo</strong></span> <span class='ocrx_word' id='word_1_276' title='bbox 990 3058 1030 3106; x_wconf 86' lang='lat'><strong>13.</strong></span> <span class='ocrx_word' id='word_1_277' title='bbox 1053 3056 1101 3106; x_wconf 93' lang='lat' dir='ltr'><strong>ho-</strong></span> 
     </span>
     <span class='ocr_line' id='line_1_34' title="bbox 133 3122 1103 3188; baseline 0 -14"><span class='ocrx_word' id='word_1_278' title='bbox 133 3138 184 3174; x_wconf 84' lang='lat' dir='ltr'><strong>ron</strong></span> <span class='ocrx_word' id='word_1_279' title='bbox 202 3140 248 3176; x_wconf 79' lang='lat' dir='ltr'><strong>our.</strong></span> <span class='ocrx_word' id='word_1_280' title='bbox 268 3125 329 3188; x_wconf 86' lang='lat' dir='ltr'><strong>DV,</strong></span> <span class='ocrx_word' id='word_1_281' title='bbox 350 3123 426 3187; x_wconf 82' lang='grc' dir='ltr'>ὼρον</span> <span class='ocrx_word' id='word_1_282' title='bbox 443 3127 515 3188; x_wconf 79' lang='lat' dir='ltr'><strong>vulgo</strong></span> <span class='ocrx_word' id='word_1_283' title='bbox 585 3138 683 3188; x_wconf 79' lang='lat' dir='ltr'><strong>grecos</strong></span> <span class='ocrx_word' id='word_1_284' title='bbox 706 3123 739 3187; x_wconf 88' lang='lat' dir='ltr'><strong>V,</strong></span> <span class='ocrx_word' id='word_1_285' title='bbox 758 3138 828 3174; x_wconf 85' lang='lat' dir='ltr'><strong>corr.</strong></span> <span class='ocrx_word' id='word_1_286' title='bbox 846 3140 877 3172; x_wconf 78' lang='lat' dir='ltr'><strong>aa.</strong></span> <span class='ocrx_word' id='word_1_287' title='bbox 895 3138 949 3172; x_wconf 84' lang='lat' dir='ltr'><strong>rec.</strong></span> <span class='ocrx_word' id='word_1_288' title='bbox 1018 3122 1103 3174; x_wconf 88' lang='lat' dir='ltr'><strong>horus</strong></span> 
     </span>
     <span class='ocr_line' id='line_1_35' title="bbox 132 3190 1102 3256; baseline -0.002 -14"><span class='ocrx_word' id='word_1_289' title='bbox 132 3191 200 3252; x_wconf 88' lang='lat' dir='ltr'><strong>DV,</strong></span> <span class='ocrx_word' id='word_1_290' title='bbox 225 3190 316 3255; x_wconf 70' lang='grc' dir='ltr'>ὥρους</span> <span class='ocrx_word' id='word_1_291' title='bbox 339 3197 410 3256; x_wconf 81' lang='lat' dir='ltr'><strong>outpo</strong></span> <span class='ocrx_word' id='word_1_292' title='bbox 480 3205 585 3256; x_wconf 88' lang='lat' dir='ltr'><strong>eorum,</strong></span> <span class='ocrx_word' id='word_1_293' title='bbox 610 3194 700 3242; x_wconf 77' lang='lat' dir='ltr'><strong>omism</strong></span> <span class='ocrx_word' id='word_1_294' title='bbox 724 3205 791 3254; x_wconf 88' lang='lat' dir='ltr'><strong>que,</strong></span> <span class='ocrx_word' id='word_1_295' title='bbox 818 3190 847 3239; x_wconf 91' lang='lat' dir='ltr'><em>V</em></span> <span class='ocrx_word' id='word_1_296' title='bbox 912 3192 954 3241; x_wconf 84' lang='lat'><strong>14.</strong></span> <span class='ocrx_word' id='word_1_297' title='bbox 977 3204 1102 3240; x_wconf 78' lang='lat' dir='ltr'><strong>scatere-</strong></span> 
     </span>
     <span class='ocr_line' id='line_1_36' title="bbox 133 3256 1101 3324; baseline -0.003 -14"><span class='ocrx_word' id='word_1_298' title='bbox 133 3273 184 3310; x_wconf 83' lang='lat' dir='ltr'><strong>aes</strong></span> <span class='ocrx_word' id='word_1_299' title='bbox 202 3259 227 3308; x_wconf 91' lang='lat' dir='ltr'><em>D</em></span> <span class='ocrx_word' id='word_1_300' title='bbox 292 3256 478 3324; x_wconf 80' lang='grc' dir='ltr'>ὡρογράφου(</span> <span class='ocrx_word' id='word_1_301' title='bbox 496 3261 568 3322; x_wconf 79' lang='lat' dir='ltr'><strong>vulpe</strong></span> <span class='ocrx_word' id='word_1_302' title='bbox 637 3273 762 3310; x_wconf 76' lang='lat' dir='ltr'><strong>cracutru</strong></span> <span class='ocrx_word' id='word_1_303' title='bbox 779 3257 838 3307; x_wconf 86' lang='lat' dir='ltr'><strong>DV</strong></span> <span class='ocrx_word' id='word_1_304' title='bbox 903 3259 943 3308; x_wconf 89' lang='lat'><strong>15.</strong></span> <span class='ocrx_word' id='word_1_305' title='bbox 962 3257 1101 3322; x_wconf 76' lang='lat' dir='ltr'><strong>pertrahe-</strong></span> 
     </span>
     <span class='ocr_line' id='line_1_37' title="bbox 134 3325 1104 3384; baseline -0.002 -7"><span class='ocrx_word' id='word_1_306' title='bbox 134 3325 239 3378; x_wconf 77' lang='lat' dir='ltr'><strong>reatbts</strong></span> <span class='ocrx_word' id='word_1_307' title='bbox 252 3327 310 3376; x_wconf 84' lang='lat' dir='ltr'><strong>DV</strong></span> <span class='ocrx_word' id='word_1_308' title='bbox 375 3330 416 3378; x_wconf 87' lang='lat'><strong>16.</strong></span> <span class='ocrx_word' id='word_1_309' title='bbox 430 3329 585 3376; x_wconf 75' lang='lat' dir='ltr'><strong>semesrnes</strong></span> <span class='ocrx_word' id='word_1_310' title='bbox 597 3326 622 3375; x_wconf 80' lang='lat' dir='ltr'><strong>I)</strong></span> <span class='ocrx_word' id='word_1_311' title='bbox 693 3329 733 3376; x_wconf 80' lang='lat'><strong>17.</strong></span> <span class='ocrx_word' id='word_1_312' title='bbox 748 3330 775 3375; x_wconf 91' lang='lat' dir='ltr'><strong>et</strong></span> <span class='ocrx_word' id='word_1_313' title='bbox 787 3341 888 3375; x_wconf 79' lang='lat' dir='ltr'><strong>erasum</strong></span> <span class='ocrx_word' id='word_1_314' title='bbox 899 3327 925 3375; x_wconf 81' lang='lat' dir='ltr'><strong>iu</strong></span> <span class='ocrx_word' id='word_1_315' title='bbox 937 3325 974 3384; x_wconf 80' lang='lat' dir='ltr'><strong>I),</strong></span> <span class='ocrx_word' id='word_1_316' title='bbox 988 3325 1063 3375; x_wconf 85' lang='lat' dir='ltr'><strong>babet</strong></span> <span class='ocrx_word' id='word_1_317' title='bbox 1079 3325 1104 3375; x_wconf 96' lang='lat' dir='ltr'><em>V</em></span> 
     </span>
     <span class='ocr_line' id='line_1_38' title="bbox 134 3393 1103 3459; baseline -0.002 -15"><span class='ocrx_word' id='word_1_318' title='bbox 134 3396 176 3448; x_wconf 89' lang='lat'><strong>18.</strong></span> <span class='ocrx_word' id='word_1_319' title='bbox 189 3393 404 3445; x_wconf 77' lang='lat' dir='ltr'><strong>ruthereatbaD</strong></span> <span class='ocrx_word' id='word_1_320' title='bbox 473 3396 514 3444; x_wconf 76' lang='lat'><strong>20.</strong></span> <span class='ocrx_word' id='word_1_321' title='bbox 533 3395 647 3443; x_wconf 78' lang='lat' dir='ltr'><strong>omitum</strong></span> <span class='ocrx_word' id='word_1_322' title='bbox 662 3393 689 3442; x_wconf 95' lang='lat' dir='ltr'><em>V</em></span> <span class='ocrx_word' id='word_1_323' title='bbox 738 3394 927 3459; x_wconf 67' lang='lat' dir='ltr'><strong>eautptueml)</strong></span> <span class='ocrx_word' id='word_1_324' title='bbox 996 3395 1037 3448; x_wconf 80' lang='lat'><strong>21,</strong></span> <span class='ocrx_word' id='word_1_325' title='bbox 1056 3407 1103 3442; x_wconf 86' lang='lat' dir='ltr'><strong>ue·</strong></span> 
     </span>
     <span class='ocr_line' id='line_1_39' title="bbox 134 3461 744 3524; baseline -0.005 -11"><span class='ocrx_word' id='word_1_326' title='bbox 134 3477 273 3515; x_wconf 82' lang='lat' dir='ltr'><strong>rusraros</strong></span> <span class='ocrx_word' id='word_1_327' title='bbox 291 3463 325 3524; x_wconf 84' lang='grc' dir='ltr'><strong>Ι),</strong></span> <span class='ocrx_word' id='word_1_328' title='bbox 343 3477 412 3516; x_wconf 85' lang='lat' dir='ltr'><strong>corr.</strong></span> <span class='ocrx_word' id='word_1_329' title='bbox 431 3463 449 3511; x_wconf 86' lang='lat' dir='ltr'><strong>d</strong></span> <span class='ocrx_word' id='word_1_330' title='bbox 517 3474 701 3512; x_wconf 78' lang='lat' dir='ltr'><strong>aecenrtoaes</strong></span> <span class='ocrx_word' id='word_1_331' title='bbox 719 3461 744 3510; x_wconf 80' lang='lat' dir='ltr'><strong>I)</strong></span> 
     </span>
    </p>
   </div>
   <div class='ocr_carea' id='block_1_5' title="bbox 0 0 1210 3848">
    <p class='ocr_par' dir='ltr' id='par_1_9' title="bbox 0 0 1210 3848">
     <span class='ocr_line' id='line_1_40' title="bbox 0 0 1210 3848; baseline 0 0"><span class='ocrx_word' id='word_1_332' title='bbox 0 0 1210 3848; x_wconf 95' lang='lat' dir='ltr'><strong> </strong></span> 
     </span>
    </p>
   </div>
  </div>
 </body>
</html>
