<?xml version="1.0" encoding="UTF-8"?>
<!DOCTYPE html PUBLIC "-//W3C//DTD XHTML 1.0 Transitional//EN"
    "http://www.w3.org/TR/xhtml1/DTD/xhtml1-transitional.dtd">
<html xmlns="http://www.w3.org/1999/xhtml" xml:lang="en" lang="en">
 <head>
  <title>
</title>
<meta http-equiv="Content-Type" content="text/html;charset=utf-8" />
  <meta name='ocr-system' content='tesseract 3.04.00' />
  <meta name='ocr-capabilities' content='ocr_page ocr_carea ocr_par ocr_line ocrx_word'/>
</head>
<body>
  <div class='ocr_page' id='page_1' title='image "./censorinidedien02censgoog_0061.png"; bbox 0 0 2400 3848; ppageno 0'>
   <div class='ocr_carea' id='block_1_1' title="bbox 161 162 887 226">
    <p class='ocr_par' dir='ltr' id='par_1_1' title="bbox 161 162 887 226">
     <span class='ocr_line' id='line_1_1' title="bbox 161 162 887 226; baseline -0.004 0"><span class='ocrx_word' id='word_1_1' title='bbox 161 162 203 226; x_wconf 89' lang='lat'>48</span> <span class='ocrx_word' id='word_1_2' title='bbox 398 177 446 225; x_wconf 79' lang='lat' dir='ltr'>on</span> <span class='ocrx_word' id='word_1_3' title='bbox 469 165 686 224; x_wconf 67' lang='lat' dir='ltr'>uru‘uaram</span> <span class='ocrx_word' id='word_1_4' title='bbox 708 167 783 224; x_wconf 75' lang='lat' dir='ltr'>car.</span> <span class='ocrx_word' id='word_1_5' title='bbox 799 178 887 225; x_wconf 83' lang='lat' dir='ltr'>xxm</span> 
     </span>
    </p>
   </div>
   <div class='ocr_carea' id='block_1_2' title="bbox 116 314 1187 2679">
    <p class='ocr_par' dir='ltr' id='par_1_2' title="bbox 129 314 1170 885">
     <span class='ocr_line' id='line_1_2' title="bbox 129 314 1135 396; baseline 0 -19"><span class='ocrx_word' id='word_1_6' title='bbox 129 317 243 377; x_wconf 78' lang='lat' dir='ltr'>alecti.</span> <span class='ocrx_word' id='word_1_7' title='bbox 287 317 415 377; x_wconf 89' lang='lat' dir='ltr'>maiores</span> <span class='ocrx_word' id='word_1_8' title='bbox 437 335 555 396; x_wconf 91' lang='lat' dir='ltr'>quoque</span> <span class='ocrx_word' id='word_1_9' title='bbox 577 317 671 378; x_wconf 87' lang='lat' dir='ltr'><strong>nostri</strong></span> <span class='ocrx_word' id='word_1_10' title='bbox 692 316 769 377; x_wconf 90' lang='lat' dir='ltr'>idem</span> <span class='ocrx_word' id='word_1_11' title='bbox 791 325 860 376; x_wconf 90' lang='lat' dir='ltr'>sunt</span> <span class='ocrx_word' id='word_1_12' title='bbox 881 314 1033 384; x_wconf 89' lang='lat' dir='ltr'>aemulati,</span> <span class='ocrx_word' id='word_1_13' title='bbox 1064 333 1135 377; x_wconf 91' lang='lat' dir='ltr'>cum</span> 
     </span>
     <span class='ocr_line' id='line_1_3' title="bbox 163 400 1135 476; baseline -0.001 -14"><span class='ocrx_word' id='word_1_14' title='bbox 163 418 273 463; x_wconf 90' lang='lat' dir='ltr'>annum</span> <span class='ocrx_word' id='word_1_15' title='bbox 296 401 411 461; x_wconf 91' lang='lat' dir='ltr'>dierum</span> <span class='ocrx_word' id='word_1_16' title='bbox 433 412 542 461; x_wconf 75' lang='lat' dir='ltr'>cccuv</span> <span class='ocrx_word' id='word_1_17' title='bbox 569 402 722 463; x_wconf 89' lang='lat' dir='ltr'>haherent.</span> <span class='ocrx_word' id='word_1_18' title='bbox 767 401 818 461; x_wconf 90' lang='lat' dir='ltr'>sed</span> <span class='ocrx_word' id='word_1_19' title='bbox 841 400 929 476; x_wconf 82' lang='lat' dir='ltr'>Divus</span> <span class='ocrx_word' id='word_1_20' title='bbox 952 400 1045 460; x_wconf 84' lang='lat' dir='ltr'>luliu&#39;s</span> <span class='ocrx_word' id='word_1_21' title='bbox 1066 418 1135 461; x_wconf 88' lang='lat' dir='ltr'>cum</span> 
     </span>
     <span class='ocr_line' id='line_1_4' title="bbox 161 484 1137 565; baseline 0.001 -19"><span class='ocrx_word' id='word_1_22' title='bbox 161 485 277 546; x_wconf 85' lang='lat' dir='ltr'>videret</span> <span class='ocrx_word' id='word_1_23' title='bbox 297 484 352 545; x_wconf 90' lang='lat' dir='ltr'>hac</span> <span class='ocrx_word' id='word_1_24' title='bbox 373 486 489 546; x_wconf 89' lang='lat' dir='ltr'>ratione</span> <span class='ocrx_word' id='word_1_25' title='bbox 508 505 606 565; x_wconf 91' lang='lat' dir='ltr'>neque</span> <span class='ocrx_word' id='word_1_26' title='bbox 627 485 664 546; x_wconf 94' lang='lat' dir='ltr'>ad</span> <span class='ocrx_word' id='word_1_27' title='bbox 685 485 785 546; x_wconf 89' lang='lat' dir='ltr'>lunam</span> <span class='ocrx_word' id='word_1_28' title='bbox 801 502 933 554; x_wconf 88' lang='lat' dir='ltr'>menses,</span> <span class='ocrx_word' id='word_1_29' title='bbox 961 491 993 545; x_wconf 92' lang='lat' dir='ltr'>ut</span> <span class='ocrx_word' id='word_1_30' title='bbox 1014 491 1137 563; x_wconf 83' lang='lat' dir='ltr'>oporte·</span> 
     </span>
     <span class='ocr_line' id='line_1_5' title="bbox 163 567 1137 647; baseline -0.002 -16"><span class='ocrx_word' id='word_1_31' title='bbox 163 569 230 644; x_wconf 89' lang='lat' dir='ltr'>hat,</span> <span class='ocrx_word' id='word_1_32' title='bbox 246 586 344 647; x_wconf 91' lang='lat' dir='ltr'>neque</span> <span class='ocrx_word' id='word_1_33' title='bbox 359 587 453 631; x_wconf 92' lang='lat' dir='ltr'>annos</span> <span class='ocrx_word' id='word_1_34' title='bbox 469 570 504 630; x_wconf 86' lang='lat' dir='ltr'>ad</span> <span class='ocrx_word' id='word_1_35' title='bbox 522 570 612 631; x_wconf 92' lang='lat' dir='ltr'>solem</span> <span class='ocrx_word' id='word_1_36' title='bbox 629 573 804 639; x_wconf 82' lang='lat' dir='ltr'>convenire,</span> <span class='ocrx_word' id='word_1_37' title='bbox 821 567 924 630; x_wconf 87' lang='lat' dir='ltr'>maluit</span> <span class='ocrx_word' id='word_1_38' title='bbox 939 586 1051 631; x_wconf 90' lang='lat' dir='ltr'>annum</span> <span class='ocrx_word' id='word_1_39' title='bbox 1068 587 1137 630; x_wconf 88' lang='lat' dir='ltr'>eor-</span> 
     </span>
     <span class='ocr_line' id='line_1_6' title="bbox 163 651 1170 736; baseline 0 -21"><span class='ocrx_word' id='word_1_40' title='bbox 163 657 277 732; x_wconf 84' lang='lat' dir='ltr'>rigere.</span> <span class='ocrx_word' id='word_1_41' title='bbox 308 662 342 714; x_wconf 90' lang='lat' dir='ltr'>ut</span> <span class='ocrx_word' id='word_1_42' title='bbox 361 657 404 716; x_wconf 89' lang='lat' dir='ltr'>sic</span> <span class='ocrx_word' id='word_1_43' title='bbox 426 655 512 716; x_wconf 89' lang='lat' dir='ltr'>etiam</span> <span class='ocrx_word' id='word_1_44' title='bbox 536 674 654 736; x_wconf 91' lang='lat' dir='ltr'>menses</span> <span class='ocrx_word' id='word_1_45' title='bbox 676 654 775 716; x_wconf 89' lang='lat' dir='ltr'>civiles</span> <span class='ocrx_word' id='word_1_46' title='bbox 796 672 864 714; x_wconf 93' lang='lat' dir='ltr'>cum</span> <span class='ocrx_word' id='word_1_47' title='bbox 885 654 962 715; x_wconf 88' lang='lat' dir='ltr'>veris</span> <span class='ocrx_word' id='word_1_48' title='bbox 982 651 1041 714; x_wconf 91' lang='lat' dir='ltr'>illis</span> <span class='ocrx_word' id='word_1_49' title='bbox 1057 652 1170 715; x_wconf 80' lang='lat' dir='ltr'>sola-5</span> 
     </span>
     <span class='ocr_line' id='line_1_7' title="bbox 162 738 1137 818; baseline 0 -18"><span class='ocrx_word' id='word_1_50' title='bbox 162 739 261 809; x_wconf 90' lang='lat' dir='ltr'>ribus,</span> <span class='ocrx_word' id='word_1_51' title='bbox 293 741 347 799; x_wconf 89' lang='lat' dir='ltr'>etsi</span> <span class='ocrx_word' id='word_1_52' title='bbox 369 757 429 798; x_wconf 92' lang='lat' dir='ltr'>non</span> <span class='ocrx_word' id='word_1_53' title='bbox 452 739 574 818; x_wconf 84' lang='lat' dir='ltr'>singuli,</span> <span class='ocrx_word' id='word_1_54' title='bbox 605 747 704 801; x_wconf 89' lang='lat' dir='ltr'>tamen</span> <span class='ocrx_word' id='word_1_55' title='bbox 725 739 853 801; x_wconf 83' lang='lat' dir='ltr'>universi</span> <span class='ocrx_word' id='word_1_56' title='bbox 883 738 920 798; x_wconf 90' lang='lat' dir='ltr'>ad</span> <span class='ocrx_word' id='word_1_57' title='bbox 947 740 1017 799; x_wconf 90' lang='lat' dir='ltr'>anni</span> <span class='ocrx_word' id='word_1_58' title='bbox 1044 739 1137 800; x_wconf 89' lang='lat' dir='ltr'>finem</span> 
     </span>
     <span class='ocr_line' id='line_1_8' title="bbox 164 820 572 885; baseline 0.002 -2"><span class='ocrx_word' id='word_1_59' title='bbox 164 825 333 884; x_wconf 86' lang='lat' dir='ltr'>necessario</span> <span class='ocrx_word' id='word_1_60' title='bbox 349 820 572 885; x_wconf 65' lang='lat' dir='ltr'>concurrerent.</span> 
     </span>
    </p>

    <p class='ocr_par' dir='ltr' id='par_1_3' title="bbox 129 905 1184 1495">
     <span class='ocr_line' id='line_1_9' title="bbox 129 905 1136 986; baseline 0.003 -20"><span class='ocrx_word' id='word_1_61' title='bbox 129 919 146 966; x_wconf 79' lang='grc'>9</span> <span class='ocrx_word' id='word_1_62' title='bbox 228 907 352 968; x_wconf 79' lang='lat' dir='ltr'>Nomina</span> <span class='ocrx_word' id='word_1_63' title='bbox 380 908 482 969; x_wconf 89' lang='lat' dir='ltr'>decem</span> <span class='ocrx_word' id='word_1_64' title='bbox 508 908 661 971; x_wconf 88' lang='lat' dir='ltr'>mensibus</span> <span class='ocrx_word' id='word_1_65' title='bbox 688 908 816 986; x_wconf 85' lang='lat' dir='ltr'>antiquis</span> <span class='ocrx_word' id='word_1_66' title='bbox 839 905 999 968; x_wconf 86' lang='lat' dir='ltr'>Romulum</span> <span class='ocrx_word' id='word_1_67' title='bbox 1027 905 1136 969; x_wconf 86' lang='lat' dir='ltr'>fecisse</span> 
     </span>
     <span class='ocr_line' id='line_1_10' title="bbox 163 990 1137 1070; baseline 0 -17"><span class='ocrx_word' id='word_1_68' title='bbox 163 992 285 1054; x_wconf 90' lang='lat' dir='ltr'>Fulvius</span> <span class='ocrx_word' id='word_1_69' title='bbox 306 1000 335 1053; x_wconf 92' lang='lat' dir='ltr'>et</span> <span class='ocrx_word' id='word_1_70' title='bbox 349 993 451 1054; x_wconf 91' lang='lat' dir='ltr'>lunius</span> <span class='ocrx_word' id='word_1_71' title='bbox 472 1001 608 1054; x_wconf 79' lang='lat' dir='ltr'>auctores</span> <span class='ocrx_word' id='word_1_72' title='bbox 629 1000 707 1054; x_wconf 91' lang='lat' dir='ltr'>sunt.</span> <span class='ocrx_word' id='word_1_73' title='bbox 740 1001 769 1055; x_wconf 88' lang='lat' dir='ltr'>et</span> <span class='ocrx_word' id='word_1_74' title='bbox 790 990 909 1070; x_wconf 89' lang='lat' dir='ltr'>quidem</span> <span class='ocrx_word' id='word_1_75' title='bbox 925 991 1000 1053; x_wconf 92' lang='lat' dir='ltr'>duos</span> <span class='ocrx_word' id='word_1_76' title='bbox 1020 993 1137 1070; x_wconf 88' lang='lat' dir='ltr'>primos</span> 
     </span>
     <span class='ocr_line' id='line_1_11' title="bbox 164 1075 1184 1156; baseline 0 -19"><span class='ocrx_word' id='word_1_77' title='bbox 164 1096 181 1137; x_wconf 91' lang='lat' dir='ltr'>a</span> <span class='ocrx_word' id='word_1_78' title='bbox 206 1077 379 1155; x_wconf 89' lang='lat' dir='ltr'>parentibus</span> <span class='ocrx_word' id='word_1_79' title='bbox 408 1079 678 1149; x_wconf 89' lang='lat' dir='ltr'>suisnominasse,</span> <span class='ocrx_word' id='word_1_80' title='bbox 709 1080 847 1140; x_wconf 88' lang='lat' dir='ltr'>Martium</span> <span class='ocrx_word' id='word_1_81' title='bbox 878 1093 894 1135; x_wconf 90' lang='lat' dir='ltr'>a</span> <span class='ocrx_word' id='word_1_82' title='bbox 919 1075 1013 1136; x_wconf 86' lang='lat' dir='ltr'>Marte</span> <span class='ocrx_word' id='word_1_83' title='bbox 1039 1083 1184 1156; x_wconf 89' lang='lat' dir='ltr'>patre,10</span> 
     </span>
     <span class='ocr_line' id='line_1_12' title="bbox 164 1160 1137 1240; baseline 0.002 -19"><span class='ocrx_word' id='word_1_84' title='bbox 164 1160 295 1240; x_wconf 81' lang='lat' dir='ltr'>Aprilem</span> <span class='ocrx_word' id='word_1_85' title='bbox 311 1160 347 1222; x_wconf 93' lang='lat' dir='ltr'>ab</span> <span class='ocrx_word' id='word_1_86' title='bbox 363 1161 539 1240; x_wconf 77' lang='lat' dir='ltr'>Aphrodite,</span> <span class='ocrx_word' id='word_1_87' title='bbox 565 1163 594 1224; x_wconf 93' lang='lat' dir='ltr'>id</span> <span class='ocrx_word' id='word_1_88' title='bbox 612 1171 656 1224; x_wconf 88' lang='lat' dir='ltr'>est</span> <span class='ocrx_word' id='word_1_89' title='bbox 671 1163 800 1233; x_wconf 90' lang='lat' dir='ltr'>Venere,</span> <span class='ocrx_word' id='word_1_90' title='bbox 827 1160 907 1221; x_wconf 90' lang='lat' dir='ltr'>unde</span> <span class='ocrx_word' id='word_1_91' title='bbox 922 1161 1052 1222; x_wconf 89' lang='lat' dir='ltr'>maiores</span> <span class='ocrx_word' id='word_1_92' title='bbox 1074 1162 1137 1223; x_wconf 91' lang='lat' dir='ltr'>eius</span> 
     </span>
     <span class='ocr_line' id='line_1_13' title="bbox 164 1243 1137 1326; baseline 0.001 -20"><span class='ocrx_word' id='word_1_93' title='bbox 164 1245 284 1306; x_wconf 92' lang='lat' dir='ltr'>oriundi</span> <span class='ocrx_word' id='word_1_94' title='bbox 305 1245 489 1306; x_wconf 86' lang='lat' dir='ltr'>dicebantur.</span> <span class='ocrx_word' id='word_1_95' title='bbox 537 1249 688 1326; x_wconf 85' lang='lat' dir='ltr'>proximos</span> <span class='ocrx_word' id='word_1_96' title='bbox 709 1249 783 1309; x_wconf 92' lang='lat' dir='ltr'>duos</span> <span class='ocrx_word' id='word_1_97' title='bbox 804 1243 963 1324; x_wconf 91' lang='lat' dir='ltr'>apopulo,</span> <span class='ocrx_word' id='word_1_98' title='bbox 988 1244 1098 1306; x_wconf 88' lang='lat' dir='ltr'>Maium</span> <span class='ocrx_word' id='word_1_99' title='bbox 1121 1266 1137 1307; x_wconf 93' lang='lat' dir='ltr'>a</span> 
     </span>
     <span class='ocr_line' id='line_1_14' title="bbox 164 1328 1138 1400; baseline 0.001 -10"><span class='ocrx_word' id='word_1_100' title='bbox 164 1328 328 1392; x_wconf 89' lang='lat' dir='ltr'>maioribus</span> <span class='ocrx_word' id='word_1_101' title='bbox 344 1337 428 1400; x_wconf 93' lang='lat' dir='ltr'>natu,</span> <span class='ocrx_word' id='word_1_102' title='bbox 450 1331 566 1392; x_wconf 91' lang='lat' dir='ltr'>lunium</span> <span class='ocrx_word' id='word_1_103' title='bbox 582 1351 599 1393; x_wconf 87' lang='lat' dir='ltr'>a</span> <span class='ocrx_word' id='word_1_104' title='bbox 614 1333 790 1395; x_wconf 88' lang='lat' dir='ltr'>iunioribus.</span> <span class='ocrx_word' id='word_1_105' title='bbox 836 1336 952 1390; x_wconf 87' lang='lat' dir='ltr'>ceteros</span> <span class='ocrx_word' id='word_1_106' title='bbox 972 1328 1010 1390; x_wconf 85' lang='lat' dir='ltr'>ab</span> <span class='ocrx_word' id='word_1_107' title='bbox 1031 1329 1138 1392; x_wconf 89' lang='lat' dir='ltr'>ordine</span> 
     </span>
     <span class='ocr_line' id='line_1_15' title="bbox 165 1413 1138 1495; baseline 0 -20"><span class='ocrx_word' id='word_1_108' title='bbox 165 1431 224 1492; x_wconf 91' lang='lat' dir='ltr'>quo</span> <span class='ocrx_word' id='word_1_109' title='bbox 245 1413 352 1493; x_wconf 84' lang='lat' dir='ltr'>singuli</span> <span class='ocrx_word' id='word_1_110' title='bbox 373 1421 470 1486; x_wconf 89' lang='lat' dir='ltr'>erant,</span> <span class='ocrx_word' id='word_1_111' title='bbox 499 1413 655 1484; x_wconf 82' lang='lat' dir='ltr'>Quintilem</span> <span class='ocrx_word' id='word_1_112' title='bbox 678 1435 772 1495; x_wconf 86' lang='lat' dir='ltr'>usque</span> <span class='ocrx_word' id='word_1_113' title='bbox 793 1414 989 1477; x_wconf 86' lang='lat' dir='ltr'>Decembrem</span> <span class='ocrx_word' id='word_1_114' title='bbox 1011 1414 1138 1493; x_wconf 87' lang='lat' dir='ltr'>perinde</span> 
     </span>
    </p>

    <p class='ocr_par' dir='ltr' id='par_1_4' title="bbox 116 1499 1184 1663">
     <span class='ocr_line' id='line_1_16' title="bbox 116 1499 1184 1564; baseline 0.001 -7"><span class='ocrx_word' id='word_1_115' title='bbox 116 1508 147 1558; x_wconf 87' lang='lat'>10</span> <span class='ocrx_word' id='word_1_116' title='bbox 165 1518 181 1560; x_wconf 93' lang='lat' dir='ltr'>a</span> <span class='ocrx_word' id='word_1_117' title='bbox 197 1516 331 1561; x_wconf 91' lang='lat' dir='ltr'>numero.</span> <span class='ocrx_word' id='word_1_118' title='bbox 363 1501 457 1561; x_wconf 91' lang='lat' dir='ltr'>Varro</span> <span class='ocrx_word' id='word_1_119' title='bbox 473 1509 572 1562; x_wconf 87' lang='lat' dir='ltr'>autem</span> <span class='ocrx_word' id='word_1_120' title='bbox 588 1502 737 1564; x_wconf 87' lang='lat' dir='ltr'>Romanos</span> <span class='ocrx_word' id='word_1_121' title='bbox 758 1521 773 1563; x_wconf 90' lang='lat' dir='ltr'>a</span> <span class='ocrx_word' id='word_1_122' title='bbox 789 1500 900 1562; x_wconf 87' lang='lat' dir='ltr'>Latinis</span> <span class='ocrx_word' id='word_1_123' title='bbox 916 1499 1034 1561; x_wconf 90' lang='lat' dir='ltr'>nomina</span> <span class='ocrx_word' id='word_1_124' title='bbox 1051 1518 1136 1562; x_wconf 89' lang='lat' dir='ltr'>men·</span> <span class='ocrx_word' id='word_1_125' title='bbox 1155 1509 1184 1559; x_wconf 82' lang='lat'>15</span> 
     </span>
     <span class='ocr_line' id='line_1_17' title="bbox 166 1584 1137 1663; baseline -0.002 -17"><span class='ocrx_word' id='word_1_126' title='bbox 166 1603 232 1646; x_wconf 92' lang='lat' dir='ltr'>sum</span> <span class='ocrx_word' id='word_1_127' title='bbox 248 1587 399 1662; x_wconf 89' lang='lat' dir='ltr'>accepisse</span> <span class='ocrx_word' id='word_1_128' title='bbox 410 1585 570 1646; x_wconf 87' lang='lat' dir='ltr'>arbitratus</span> <span class='ocrx_word' id='word_1_129' title='bbox 585 1595 722 1647; x_wconf 86' lang='lat' dir='ltr'>auctores</span> <span class='ocrx_word' id='word_1_130' title='bbox 735 1604 839 1648; x_wconf 90' lang='lat' dir='ltr'>eorum</span> <span class='ocrx_word' id='word_1_131' title='bbox 851 1584 1034 1662; x_wconf 84' lang='lat' dir='ltr'>antiquiores</span> <span class='ocrx_word' id='word_1_132' title='bbox 1046 1601 1137 1663; x_wconf 81' lang='lat' dir='ltr'>quam</span> 
     </span>
    </p>

    <p class='ocr_par' dir='ltr' id='par_1_5' title="bbox 117 1668 1187 2086">
     <span class='ocr_line' id='line_1_18' title="bbox 117 1668 1137 1751; baseline 0.006 -26"><span class='ocrx_word' id='word_1_133' title='bbox 117 1677 148 1726; x_wconf 90' lang='lat'>11</span> <span class='ocrx_word' id='word_1_134' title='bbox 167 1668 272 1730; x_wconf 88' lang='lat' dir='ltr'>urbem</span> <span class='ocrx_word' id='word_1_135' title='bbox 288 1669 379 1731; x_wconf 88' lang='lat' dir='ltr'>luisse</span> <span class='ocrx_word' id='word_1_136' title='bbox 394 1671 465 1730; x_wconf 90' lang='lat' dir='ltr'>satis</span> <span class='ocrx_word' id='word_1_137' title='bbox 486 1677 591 1747; x_wconf 82' lang='lat' dir='ltr'>argute</span> <span class='ocrx_word' id='word_1_138' title='bbox 605 1670 701 1731; x_wconf 88' lang='lat' dir='ltr'>docet.</span> <span class='ocrx_word' id='word_1_139' title='bbox 732 1672 831 1751; x_wconf 90' lang='lat' dir='ltr'>itaque</span> <span class='ocrx_word' id='word_1_140' title='bbox 846 1670 985 1730; x_wconf 89' lang='lat' dir='ltr'>Martium</span> <span class='ocrx_word' id='word_1_141' title='bbox 1000 1686 1137 1730; x_wconf 90' lang='lat' dir='ltr'>mensem</span> 
     </span>
     <span class='ocr_line' id='line_1_19' title="bbox 167 1752 1137 1833; baseline 0.003 -20"><span class='ocrx_word' id='word_1_142' title='bbox 167 1770 184 1813; x_wconf 92' lang='lat' dir='ltr'>a</span> <span class='ocrx_word' id='word_1_143' title='bbox 199 1752 292 1813; x_wconf 88' lang='lat' dir='ltr'>lllarte</span> <span class='ocrx_word' id='word_1_144' title='bbox 307 1753 428 1832; x_wconf 91' lang='lat' dir='ltr'>quidem</span> <span class='ocrx_word' id='word_1_145' title='bbox 443 1754 628 1815; x_wconf 87' lang='lat' dir='ltr'>nominatum</span> <span class='ocrx_word' id='word_1_146' title='bbox 643 1755 752 1827; x_wconf 89' lang='lat' dir='ltr'>eredit,</span> <span class='ocrx_word' id='word_1_147' title='bbox 776 1773 835 1815; x_wconf 94' lang='lat' dir='ltr'>non</span> <span class='ocrx_word' id='word_1_148' title='bbox 852 1755 921 1833; x_wconf 89' lang='lat' dir='ltr'>quia</span> <span class='ocrx_word' id='word_1_149' title='bbox 935 1752 1057 1818; x_wconf 86' lang='lat' dir='ltr'>Romuli</span> <span class='ocrx_word' id='word_1_150' title='bbox 1071 1754 1137 1816; x_wconf 86' lang='lat' dir='ltr'>fue·</span> 
     </span>
     <span class='ocr_line' id='line_1_20' title="bbox 165 1835 1137 1918; baseline 0.001 -21"><span class='ocrx_word' id='word_1_151' title='bbox 165 1837 206 1897; x_wconf 87' lang='lat' dir='ltr'>rit</span> <span class='ocrx_word' id='word_1_152' title='bbox 220 1844 321 1914; x_wconf 89' lang='lat' dir='ltr'>pater,</span> <span class='ocrx_word' id='word_1_153' title='bbox 342 1838 394 1900; x_wconf 90' lang='lat' dir='ltr'>sed</span> <span class='ocrx_word' id='word_1_154' title='bbox 402 1839 489 1918; x_wconf 67' lang='lat' dir='ltr'>=quod</span> <span class='ocrx_word' id='word_1_155' title='bbox 505 1856 578 1918; x_wconf 85' lang='lat' dir='ltr'>gens</span> <span class='ocrx_word' id='word_1_156' title='bbox 591 1839 694 1901; x_wconf 88' lang='lat' dir='ltr'>Latina</span> <span class='ocrx_word' id='word_1_157' title='bbox 709 1839 859 1902; x_wconf 90' lang='lat' dir='ltr'>bellicosa.</span> <span class='ocrx_word' id='word_1_158' title='bbox 890 1835 1021 1916; x_wconf 79' lang='lat' dir='ltr'>Aprilem</span> <span class='ocrx_word' id='word_1_159' title='bbox 1038 1846 1137 1900; x_wconf 90' lang='lat' dir='ltr'>autem</span> 
     </span>
     <span class='ocr_line' id='line_1_21' title="bbox 165 1921 1187 2006; baseline -0.001 -24"><span class='ocrx_word' id='word_1_160' title='bbox 165 1940 225 1982; x_wconf 91' lang='lat' dir='ltr'>non</span> <span class='ocrx_word' id='word_1_161' title='bbox 249 1922 286 1984; x_wconf 91' lang='lat' dir='ltr'>ab</span> <span class='ocrx_word' id='word_1_162' title='bbox 306 1923 484 2001; x_wconf 88' lang='lat' dir='ltr'>Aphrodite,</span> <span class='ocrx_word' id='word_1_163' title='bbox 515 1923 567 1986; x_wconf 89' lang='lat' dir='ltr'>sed</span> <span class='ocrx_word' id='word_1_164' title='bbox 588 1925 626 1986; x_wconf 88' lang='lat' dir='ltr'>ab</span> <span class='ocrx_word' id='word_1_165' title='bbox 647 1927 822 2005; x_wconf 90' lang='lat' dir='ltr'>aperiendo,</span> <span class='ocrx_word' id='word_1_166' title='bbox 847 1921 925 2006; x_wconf 88' lang='lat' dir='ltr'>quod</span> <span class='ocrx_word' id='word_1_167' title='bbox 949 1930 1021 1983; x_wconf 87' lang='lat' dir='ltr'>tunc</span> <span class='ocrx_word' id='word_1_168' title='bbox 1042 1923 1139 1985; x_wconf 84' lang='lat' dir='ltr'>ferme</span> <span class='ocrx_word' id='word_1_169' title='bbox 1155 1931 1187 1983; x_wconf 74' lang='lat'>20</span> 
     </span>
     <span class='ocr_line' id='line_1_22' title="bbox 166 2007 1139 2086; baseline 0.004 -20"><span class='ocrx_word' id='word_1_170' title='bbox 166 2014 271 2067; x_wconf 89' lang='lat' dir='ltr'>cuncta</span> <span class='ocrx_word' id='word_1_171' title='bbox 301 2009 459 2084; x_wconf 84' lang='lat' dir='ltr'>gignantur</span> <span class='ocrx_word' id='word_1_172' title='bbox 495 2016 525 2069; x_wconf 89' lang='lat' dir='ltr'>et</span> <span class='ocrx_word' id='word_1_173' title='bbox 553 2010 693 2072; x_wconf 89' lang='lat' dir='ltr'>nascendi</span> <span class='ocrx_word' id='word_1_174' title='bbox 723 2010 850 2073; x_wconf 88' lang='lat' dir='ltr'>claustra</span> <span class='ocrx_word' id='word_1_175' title='bbox 880 2007 993 2086; x_wconf 87' lang='lat' dir='ltr'>aperiat</span> <span class='ocrx_word' id='word_1_176' title='bbox 1021 2014 1139 2070; x_wconf 88' lang='lat' dir='ltr'>natura.</span> 
     </span>
    </p>

    <p class='ocr_par' dir='ltr' id='par_1_6' title="bbox 116 2089 1186 2428">
     <span class='ocr_line' id='line_1_23' title="bbox 116 2089 1138 2165; baseline 0.008 -19"><span class='ocrx_word' id='word_1_177' title='bbox 116 2097 147 2146; x_wconf 81' lang='lat'>12</span> <span class='ocrx_word' id='word_1_178' title='bbox 165 2089 274 2151; x_wconf 89' lang='lat' dir='ltr'>Maium</span> <span class='ocrx_word' id='word_1_179' title='bbox 296 2109 366 2151; x_wconf 88' lang='lat' dir='ltr'>vero</span> <span class='ocrx_word' id='word_1_180' title='bbox 387 2109 447 2152; x_wconf 91' lang='lat' dir='ltr'>non</span> <span class='ocrx_word' id='word_1_181' title='bbox 469 2110 485 2152; x_wconf 92' lang='lat' dir='ltr'>a</span> <span class='ocrx_word' id='word_1_182' title='bbox 507 2092 683 2165; x_wconf 90' lang='lat' dir='ltr'>maioribus,</span> <span class='ocrx_word' id='word_1_183' title='bbox 714 2095 767 2155; x_wconf 89' lang='lat' dir='ltr'>sed</span> <span class='ocrx_word' id='word_1_184' title='bbox 788 2115 805 2156; x_wconf 90' lang='lat' dir='ltr'>a</span> <span class='ocrx_word' id='word_1_185' title='bbox 826 2096 900 2156; x_wconf 89' lang='lat' dir='ltr'>lllaia</span> <span class='ocrx_word' id='word_1_186' title='bbox 920 2109 1031 2153; x_wconf 90' lang='lat' dir='ltr'>nomen</span> <span class='ocrx_word' id='word_1_187' title='bbox 1052 2111 1138 2154; x_wconf 86' lang='lat' dir='ltr'>acce·</span> 
     </span>
     <span class='ocr_line' id='line_1_24' title="bbox 165 2175 1138 2260; baseline 0.005 -27"><span class='ocrx_word' id='word_1_188' title='bbox 165 2176 259 2253; x_wconf 86' lang='lat' dir='ltr'>pisse,</span> <span class='ocrx_word' id='word_1_189' title='bbox 290 2175 368 2252; x_wconf 90' lang='lat' dir='ltr'>quod</span> <span class='ocrx_word' id='word_1_190' title='bbox 392 2193 427 2237; x_wconf 92' lang='lat' dir='ltr'>eo</span> <span class='ocrx_word' id='word_1_191' title='bbox 448 2194 551 2238; x_wconf 91' lang='lat' dir='ltr'>mense</span> <span class='ocrx_word' id='word_1_192' title='bbox 570 2183 630 2238; x_wconf 91' lang='lat' dir='ltr'>tam</span> <span class='ocrx_word' id='word_1_193' title='bbox 650 2178 764 2241; x_wconf 87' lang='lat' dir='ltr'>Romae</span> <span class='ocrx_word' id='word_1_194' title='bbox 783 2198 873 2260; x_wconf 89' lang='lat' dir='ltr'>quam</span> <span class='ocrx_word' id='word_1_195' title='bbox 894 2184 979 2238; x_wconf 89' lang='lat' dir='ltr'>antea</span> <span class='ocrx_word' id='word_1_196' title='bbox 1000 2178 1032 2237; x_wconf 92' lang='lat' dir='ltr'>in</span> <span class='ocrx_word' id='word_1_197' title='bbox 1049 2177 1138 2238; x_wconf 90' lang='lat' dir='ltr'>-Latio</span> 
     </span>
     <span class='ocr_line' id='line_1_25' title="bbox 165 2259 1138 2341; baseline 0.004 -23"><span class='ocrx_word' id='word_1_198' title='bbox 165 2277 215 2320; x_wconf 89' lang='lat' dir='ltr'>res</span> <span class='ocrx_word' id='word_1_199' title='bbox 235 2259 332 2320; x_wconf 88' lang='lat' dir='ltr'>divina</span> <span class='ocrx_word' id='word_1_200' title='bbox 355 2261 447 2322; x_wconf 89' lang='lat' dir='ltr'>Maiae</span> <span class='ocrx_word' id='word_1_201' title='bbox 468 2261 501 2322; x_wconf 88' lang='lat' dir='ltr'>fit</span> <span class='ocrx_word' id='word_1_202' title='bbox 522 2267 552 2322; x_wconf 92' lang='lat' dir='ltr'>et</span> <span class='ocrx_word' id='word_1_203' title='bbox 569 2261 726 2325; x_wconf 83' lang='lat' dir='ltr'>Mercurio.</span> <span class='ocrx_word' id='word_1_204' title='bbox 772 2264 887 2326; x_wconf 92' lang='lat' dir='ltr'>lunium</span> <span class='ocrx_word' id='word_1_205' title='bbox 910 2278 1028 2341; x_wconf 89' lang='lat' dir='ltr'>quoque</span> <span class='ocrx_word' id='word_1_206' title='bbox 1050 2279 1067 2322; x_wconf 91' lang='lat' dir='ltr'>a</span> <span class='ocrx_word' id='word_1_207' title='bbox 1089 2262 1138 2322; x_wconf 86' lang='lat' dir='ltr'>lu·</span> 
     </span>
     <span class='ocr_line' id='line_1_26' title="bbox 166 2346 1186 2428; baseline -0.001 -24"><span class='ocrx_word' id='word_1_208' title='bbox 166 2362 245 2405; x_wconf 92' lang='lat' dir='ltr'>none</span> <span class='ocrx_word' id='word_1_209' title='bbox 266 2346 365 2423; x_wconf 87' lang='lat' dir='ltr'>potius</span> <span class='ocrx_word' id='word_1_210' title='bbox 385 2363 473 2423; x_wconf 92' lang='lat' dir='ltr'>quam</span> <span class='ocrx_word' id='word_1_211' title='bbox 492 2347 676 2419; x_wconf 87' lang='lat' dir='ltr'>iunioribus,</span> <span class='ocrx_word' id='word_1_212' title='bbox 707 2349 786 2428; x_wconf 83' lang='lat' dir='ltr'>quod</span> <span class='ocrx_word' id='word_1_213' title='bbox 808 2348 858 2411; x_wconf 94' lang='lat' dir='ltr'>illo</span> <span class='ocrx_word' id='word_1_214' title='bbox 882 2363 986 2408; x_wconf 88' lang='lat' dir='ltr'>mense</span> <span class='ocrx_word' id='word_1_215' title='bbox 1007 2347 1144 2408; x_wconf 80' lang='lat' dir='ltr'>maxime.</span> <span class='ocrx_word' id='word_1_216' title='bbox 1154 2353 1186 2404; x_wconf 80' lang='grc'>15</span> 
     </span>
    </p>

    <p class='ocr_par' dir='ltr' id='par_1_7' title="bbox 116 2425 1139 2679">
     <span class='ocr_line' id='line_1_27' title="bbox 116 2425 1138 2514; baseline 0.005 -27"><span class='ocrx_word' id='word_1_217' title='bbox 116 2436 149 2486; x_wconf 80' lang='lat'>13</span> <span class='ocrx_word' id='word_1_218' title='bbox 166 2428 273 2489; x_wconf 91' lang='lat' dir='ltr'>lunoni</span> <span class='ocrx_word' id='word_1_219' title='bbox 288 2429 418 2491; x_wconf 88' lang='lat' dir='ltr'>honores</span> <span class='ocrx_word' id='word_1_220' title='bbox 433 2429 588 2492; x_wconf 89' lang='lat' dir='ltr'>habentur.</span> <span class='ocrx_word' id='word_1_221' title='bbox 619 2430 789 2504; x_wconf 85' lang='lat' dir='ltr'>Quintilem,</span> <span class='ocrx_word' id='word_1_222' title='bbox 806 2425 883 2514; x_wconf 66' lang='lat' dir='ltr'>cuod</span> <span class='ocrx_word' id='word_1_223' title='bbox 900 2431 967 2492; x_wconf 89' lang='lat' dir='ltr'>loco</span> <span class='ocrx_word' id='word_1_224' title='bbox 981 2431 1041 2492; x_wconf 90' lang='lat' dir='ltr'>iam</span> <span class='ocrx_word' id='word_1_225' title='bbox 1057 2432 1138 2510; x_wconf 91' lang='lat' dir='ltr'>apud</span> 
     </span>
     <span class='ocr_line' id='line_1_28' title="bbox 166 2513 1137 2594; baseline 0.005 -21"><span class='ocrx_word' id='word_1_226' title='bbox 166 2513 287 2574; x_wconf 90' lang='lat' dir='ltr'>Latinos</span> <span class='ocrx_word' id='word_1_227' title='bbox 305 2514 394 2575; x_wconf 89' lang='lat' dir='ltr'>luerit</span> <span class='ocrx_word' id='word_1_228' title='bbox 415 2514 532 2594; x_wconf 86' lang='lat' dir='ltr'>quinto,</span> <span class='ocrx_word' id='word_1_229' title='bbox 554 2516 626 2577; x_wconf 89' lang='lat' dir='ltr'>item</span> <span class='ocrx_word' id='word_1_230' title='bbox 649 2516 789 2582; x_wconf 83' lang='lat' dir='ltr'>Sextilem</span> <span class='ocrx_word' id='word_1_231' title='bbox 810 2538 844 2580; x_wconf 88' lang='lat' dir='ltr'>ao</span> <span class='ocrx_word' id='word_1_232' title='bbox 865 2517 1005 2594; x_wconf 91' lang='lat' dir='ltr'>deinceps</span> <span class='ocrx_word' id='word_1_233' title='bbox 1026 2515 1064 2575; x_wconf 93' lang='lat' dir='ltr'>ad</span> <span class='ocrx_word' id='word_1_234' title='bbox 1078 2515 1137 2577; x_wconf 81' lang='lat' dir='ltr'>[le-</span> 
     </span>
     <span class='ocr_line' id='line_1_29' title="bbox 166 2597 1139 2679; baseline 0.008 -20"><span class='ocrx_word' id='word_1_235' title='bbox 166 2597 318 2659; x_wconf 89' lang='lat' dir='ltr'>cemhrem</span> <span class='ocrx_word' id='word_1_236' title='bbox 344 2617 361 2659; x_wconf 88' lang='lat' dir='ltr'>a</span> <span class='ocrx_word' id='word_1_237' title='bbox 387 2600 519 2661; x_wconf 90' lang='lat' dir='ltr'>numeris</span> <span class='ocrx_word' id='word_1_238' title='bbox 545 2600 718 2679; x_wconf 86' lang='lat' dir='ltr'>appellatos.</span> <span class='ocrx_word' id='word_1_239' title='bbox 763 2609 896 2665; x_wconf 88' lang='lat' dir='ltr'>ceterum</span> <span class='ocrx_word' id='word_1_240' title='bbox 916 2600 1086 2668; x_wconf 77' lang='lat' dir='ltr'>ianuarium</span> <span class='ocrx_word' id='word_1_241' title='bbox 1109 2607 1139 2662; x_wconf 79' lang='lat' dir='ltr'>el</span> 
     </span>
    </p>
   </div>
   <div class='ocr_carea' id='block_1_3' title="bbox 165 2886 1140 3369">
    <p class='ocr_par' dir='ltr' id='par_1_8' title="bbox 165 2886 1140 3369">
     <span class='ocr_line' id='line_1_30' title="bbox 234 2886 1138 2955; baseline 0.013 -21"><span class='ocrx_word' id='word_1_242' title='bbox 234 2889 258 2934; x_wconf 79' lang='lat'>2.</span> <span class='ocrx_word' id='word_1_243' title='bbox 283 2886 392 2936; x_wconf 76' lang='lat' dir='ltr'>harena</span> <span class='ocrx_word' id='word_1_244' title='bbox 415 2887 473 2936; x_wconf 85' lang='lat' dir='ltr'>DV</span> <span class='ocrx_word' id='word_1_245' title='bbox 537 2890 561 2939; x_wconf 89' lang='grc'>3.</span> <span class='ocrx_word' id='word_1_246' title='bbox 584 2901 702 2939; x_wconf 70' lang='lat' dir='ltr'>partone</span> <span class='ocrx_word' id='word_1_247' title='bbox 725 2904 798 2954; x_wconf 84' lang='lat' dir='ltr'>quoe</span> <span class='ocrx_word' id='word_1_248' title='bbox 823 2890 856 2941; x_wconf 80' lang='lat' dir='ltr'>eh</span> <span class='ocrx_word' id='word_1_249' title='bbox 878 2894 935 2951; x_wconf 85' lang='lat' dir='ltr'>DV</span> <span class='ocrx_word' id='word_1_250' title='bbox 999 2905 1025 2953; x_wconf 80' lang='lat'>4,</span> <span class='ocrx_word' id='word_1_251' title='bbox 1048 2917 1138 2955; x_wconf 69' lang='lat' dir='ltr'>anno.</span> 
     </span>
     <span class='ocr_line' id='line_1_31' title="bbox 165 2954 1140 3025; baseline 0.021 -23"><span class='ocrx_word' id='word_1_252' title='bbox 165 2954 291 3014; x_wconf 83' lang='lat' dir='ltr'>Halmius,</span> <span class='ocrx_word' id='word_1_253' title='bbox 311 2955 458 3016; x_wconf 84' lang='lat' dir='ltr'>auuoDV,</span> <span class='ocrx_word' id='word_1_254' title='bbox 477 2970 579 3005; x_wconf 80' lang='lat' dir='ltr'>annum</span> <span class='ocrx_word' id='word_1_255' title='bbox 596 2960 668 3021; x_wconf 79' lang='lat' dir='ltr'>culpo</span> <span class='ocrx_word' id='word_1_256' title='bbox 737 2956 847 3025; x_wconf 82' lang='lat' dir='ltr'>maluit]</span> <span class='ocrx_word' id='word_1_257' title='bbox 868 2969 984 3021; x_wconf 69' lang='lat' dir='ltr'>actual)</span> <span class='ocrx_word' id='word_1_258' title='bbox 1054 2972 1079 3023; x_wconf 75' lang='lat'>5.</span> <span class='ocrx_word' id='word_1_259' title='bbox 1098 2973 1140 3022; x_wconf 87' lang='lat' dir='ltr'>oi·</span> 
     </span>
     <span class='ocr_line' id='line_1_32' title="bbox 165 3020 1139 3103; baseline 0.021 -32"><span class='ocrx_word' id='word_1_260' title='bbox 165 3020 237 3071; x_wconf 81' lang='lat' dir='ltr'>viles</span> <span class='ocrx_word' id='word_1_261' title='bbox 249 3022 434 3080; x_wconf 75' lang='lat' dir='ltr'>Lachmanoua,</span> <span class='ocrx_word' id='word_1_262' title='bbox 453 3039 506 3073; x_wconf 82' lang='lat' dir='ltr'>uen</span> <span class='ocrx_word' id='word_1_263' title='bbox 519 3025 576 3073; x_wconf 90' lang='lat' dir='ltr'>DV</span> <span class='ocrx_word' id='word_1_264' title='bbox 642 3026 665 3073; x_wconf 84' lang='grc'>7.</span> <span class='ocrx_word' id='word_1_265' title='bbox 686 3039 868 3080; x_wconf 74' lang='lat' dir='ltr'>coucuuneur</span> <span class='ocrx_word' id='word_1_266' title='bbox 886 3038 911 3085; x_wconf 88' lang='lat' dir='ltr'><em>D</em></span> <span class='ocrx_word' id='word_1_267' title='bbox 981 3040 1023 3088; x_wconf 78' lang='lat'>12.</span> <span class='ocrx_word' id='word_1_268' title='bbox 1044 3046 1139 3103; x_wconf 84' lang='lat' dir='ltr'>apost</span> 
     </span>
     <span class='ocr_line' id='line_1_33' title="bbox 165 3090 1138 3164; baseline 0.014 -27"><span class='ocrx_word' id='word_1_269' title='bbox 165 3090 269 3138; x_wconf 80' lang='lat' dir='ltr'>Maium</span> <span class='ocrx_word' id='word_1_270' title='bbox 287 3105 333 3139; x_wconf 87' lang='lat' dir='ltr'>om.</span> <span class='ocrx_word' id='word_1_271' title='bbox 357 3091 383 3140; x_wconf 89' lang='lat' dir='ltr'><em>V</em></span> <span class='ocrx_word' id='word_1_272' title='bbox 450 3094 489 3141; x_wconf 87' lang='lat'>13.</span> <span class='ocrx_word' id='word_1_273' title='bbox 508 3104 620 3141; x_wconf 77' lang='lat' dir='ltr'>cereata</span> <span class='ocrx_word' id='word_1_274' title='bbox 639 3090 697 3140; x_wconf 89' lang='lat' dir='ltr'>DV</span> <span class='ocrx_word' id='word_1_275' title='bbox 763 3095 803 3143; x_wconf 86' lang='grc'>16.</span> <span class='ocrx_word' id='word_1_276' title='bbox 822 3111 1021 3156; x_wconf 64' lang='lat' dir='ltr'>acarnanum</span> <span class='ocrx_word' id='word_1_277' title='bbox 1038 3107 1072 3164; x_wconf 85' lang='lat' dir='ltr'>J),</span> <span class='ocrx_word' id='word_1_278' title='bbox 1093 3121 1138 3156; x_wconf 74' lang='lat' dir='ltr'>ar-</span> 
     </span>
     <span class='ocr_line' id='line_1_34' title="bbox 166 3155 1140 3226; baseline 0.008 -22"><span class='ocrx_word' id='word_1_279' title='bbox 166 3155 564 3216; x_wconf 77' lang='lat' dir='ltr'>bitraturdV‚oorr.1udnus</span> <span class='ocrx_word' id='word_1_280' title='bbox 616 3172 740 3209; x_wconf 71' lang='lat' dir='ltr'>acroma</span> <span class='ocrx_word' id='word_1_281' title='bbox 758 3161 791 3224; x_wconf 88' lang='lat' dir='ltr'>D,</span> <span class='ocrx_word' id='word_1_282' title='bbox 817 3174 964 3223; x_wconf 61' lang='lat' dir='ltr'>autorem</span> <span class='ocrx_word' id='word_1_283' title='bbox 1033 3173 1075 3226; x_wconf 74' lang='grc' dir='ltr'>Π,</span> <span class='ocrx_word' id='word_1_284' title='bbox 1094 3189 1140 3222; x_wconf 63' lang='grc' dir='ltr'>ῃ.</span> 
     </span>
     <span class='ocr_line' id='line_1_35' title="bbox 168 3222 1139 3291; baseline 0.013 -19"><span class='ocrx_word' id='word_1_285' title='bbox 168 3228 234 3288; x_wconf 69' lang='lat' dir='ltr'>grute</span> <span class='ocrx_word' id='word_1_286' title='bbox 247 3222 348 3282; x_wconf 65' lang='lat' dir='ltr'>Carrio,</span> <span class='ocrx_word' id='word_1_287' title='bbox 367 3237 451 3275; x_wconf 72' lang='lat' dir='ltr'>cunm</span> <span class='ocrx_word' id='word_1_288' title='bbox 467 3227 500 3284; x_wconf 85' lang='lat' dir='ltr'>D,</span> <span class='ocrx_word' id='word_1_289' title='bbox 520 3225 606 3276; x_wconf 81' lang='lat' dir='ltr'>erkiti</span> <span class='ocrx_word' id='word_1_290' title='bbox 623 3228 647 3284; x_wconf 83' lang='lat' dir='ltr'>d,</span> <span class='ocrx_word' id='word_1_291' title='bbox 668 3226 761 3291; x_wconf 81' lang='lat' dir='ltr'>arkyti</span> <span class='ocrx_word' id='word_1_292' title='bbox 777 3232 805 3280; x_wconf 88' lang='lat' dir='ltr'><em>V</em></span> <span class='ocrx_word' id='word_1_293' title='bbox 869 3239 911 3291; x_wconf 77' lang='lat'>20,</span> <span class='ocrx_word' id='word_1_294' title='bbox 931 3238 1064 3291; x_wconf 60' lang='lat' dir='ltr'>argouwe</span> <span class='ocrx_word' id='word_1_295' title='bbox 1082 3242 1139 3291; x_wconf 76' lang='lat' dir='ltr'>DV</span> 
     </span>
     <span class='ocr_line' id='line_1_36' title="bbox 167 3292 1139 3369; baseline 0.016 -30"><span class='ocrx_word' id='word_1_296' title='bbox 167 3305 259 3340; x_wconf 76' lang='lat' dir='ltr'>resae</span> <span class='ocrx_word' id='word_1_297' title='bbox 271 3292 305 3353; x_wconf 83' lang='grc' dir='ltr'>Ι),</span> <span class='ocrx_word' id='word_1_298' title='bbox 324 3292 382 3342; x_wconf 86' lang='lat' dir='ltr'>fere</span> <span class='ocrx_word' id='word_1_299' title='bbox 400 3296 427 3345; x_wconf 95' lang='lat' dir='ltr'><em>V</em></span> <span class='ocrx_word' id='word_1_300' title='bbox 434 3296 506 3358; x_wconf 74' lang='lat' dir='ltr'>culpo</span> <span class='ocrx_word' id='word_1_301' title='bbox 575 3295 617 3346; x_wconf 81' lang='lat'>25.</span> <span class='ocrx_word' id='word_1_302' title='bbox 637 3301 808 3356; x_wconf 72' lang='lat' dir='ltr'>maximaeD</span> <span class='ocrx_word' id='word_1_303' title='bbox 877 3307 919 3361; x_wconf 76' lang='grc'>26,</span> <span class='ocrx_word' id='word_1_304' title='bbox 940 3321 1010 3358; x_wconf 73' lang='lat' dir='ltr'>uoco</span> <span class='ocrx_word' id='word_1_305' title='bbox 1029 3320 1082 3358; x_wconf 78' lang='lat' dir='ltr'>tam</span> <span class='ocrx_word' id='word_1_306' title='bbox 1103 3310 1139 3369; x_wconf 82' lang='lat' dir='ltr'>D,</span> 
     </span>
    </p>
   </div>
   <div class='ocr_carea' id='block_1_4' title="bbox 167 3361 1079 3513">
    <p class='ocr_par' dir='ltr' id='par_1_9' title="bbox 167 3361 1079 3513">
     <span class='ocr_line' id='line_1_37' title="bbox 167 3361 1079 3446; baseline 0.016 -18"><span class='ocrx_word' id='word_1_307' title='bbox 167 3361 252 3428; x_wconf 78' lang='lat' dir='ltr'>soiam</span> <span class='ocrx_word' id='word_1_308' title='bbox 275 3378 302 3426; x_wconf 91' lang='lat' dir='ltr'><em>V</em></span> <span class='ocrx_word' id='word_1_309' title='bbox 367 3381 410 3432; x_wconf 77' lang='lat'>27.</span> <span class='ocrx_word' id='word_1_310' title='bbox 429 3382 576 3446; x_wconf 88' lang='lat' dir='ltr'>quintum.</span> <span class='ocrx_word' id='word_1_311' title='bbox 594 3397 648 3433; x_wconf 84' lang='lat' dir='ltr'>reo.</span> <span class='ocrx_word' id='word_1_312' title='bbox 666 3385 693 3435; x_wconf 84' lang='lat' dir='ltr'>in</span> <span class='ocrx_word' id='word_1_313' title='bbox 709 3385 734 3434; x_wconf 81' lang='lat' dir='ltr'>Il</span> <span class='ocrx_word' id='word_1_314' title='bbox 752 3391 779 3440; x_wconf 82' lang='lat' dir='ltr'>iu</span> <span class='ocrx_word' id='word_1_315' title='bbox 795 3406 849 3441; x_wconf 80' lang='lat' dir='ltr'>raa.</span> <span class='ocrx_word' id='word_1_316' title='bbox 922 3404 1035 3443; x_wconf 73' lang='lat' dir='ltr'>uexatus</span> <span class='ocrx_word' id='word_1_317' title='bbox 1053 3393 1079 3442; x_wconf 88' lang='grc' dir='ltr'>Ι)</span> 
     </span>
     <span class='ocr_line' id='line_1_38' title="bbox 167 3445 558 3513; baseline 0.003 -17"><span class='ocrx_word' id='word_1_318' title='bbox 167 3445 209 3496; x_wconf 82' lang='lat'>28.</span> <span class='ocrx_word' id='word_1_319' title='bbox 228 3457 316 3495; x_wconf 84' lang='lat' dir='ltr'>uumts</span> <span class='ocrx_word' id='word_1_320' title='bbox 336 3461 515 3513; x_wconf 75' lang='lat' dir='ltr'>appeuueaus</span> <span class='ocrx_word' id='word_1_321' title='bbox 533 3450 558 3497; x_wconf 89' lang='lat' dir='ltr'><em>D</em></span> 
     </span>
    </p>
   </div>
   <div class='ocr_carea' id='block_1_5' title="bbox 0 0 1204 3848">
    <p class='ocr_par' dir='ltr' id='par_1_10' title="bbox 0 0 1204 3848">
     <span class='ocr_line' id='line_1_39' title="bbox 0 0 1204 3848; baseline 0 0"><span class='ocrx_word' id='word_1_322' title='bbox 0 0 1204 3848; x_wconf 95' lang='lat' dir='ltr'> </span> 
     </span>
    </p>
   </div>
  </div>
 </body>
</html>
