2400 3848
361 168 408 217 nn
429 168 492 216 1>1n
514 168 645 216 utram
668 167 743 217 car.
759 169 831 216 xvr.
1004 128 1008 134 ¹
1035 154 1078 218 29

108 326 167 386 que
183 307 280 368 animo
295 306 439 368 valentem
454 305 571 387 longior
586 315 703 368 maneat
717 314 864 369 senectus.
895 326 982 388 quem
998 309 1077 368 enim
1183 311 1189 321 ⁸

107 400 241 453 veterum
264 409 343 453 nune
358 393 501 454 memoria
522 394 698 473 suspicimus
719 393 873 472 prudentia
896 391 942 453 vel
963 401 1077 470 tempe·

107 478 204 537 rantia
226 475 272 538 vel
291 477 401 538 iustitia
416 476 462 538 vel
476 477 650 539 fortitudine
664 477 719 538 tibi
734 485 882 539 antestare
904 476 1077 558 [dicimus]l

108 563 177 640 quis
192 578 311 632 eorum,
327 561 500 631 stadesset,
520 579 579 621 non
594 564 624 622 in
643 568 673 623 te
688 564 819 623 omnium
835 563 975 623 virtutum
992 580 1077 640 prae·

73 645 286 707 edicationem
316 645 487 708 conferret?
526 648 592 725 quis
621 649 681 707 tuis
709 645 847 709 laudibus
878 666 910 708 se
940 647 1077 734 postponi

108 729 320 792 erubesceret?
348 729 419 792 illud
436 740 535 800 certe,
558 738 591 793 ut
611 731 758 807 arbitror,
783 731 904 808 dignum
926 738 970 792 est
991 749 1077 810 prae-

109 815 274 885 dicatione,
305 815 400 895 quod,
432 832 499 877 curn
515 814 571 876 illis
586 816 681 877 ferme
704 815 843 877 omnibus
858 817 991 892 quamvis
1006 833 1077 895 pru-

108 899 289 960 deotissimis
310 907 340 960 et
358 900 464 980 procul
491 918 506 960 a
529 900 682 980 republica
706 902 811 962 amotis
837 917 896 960 non
921 901 1079 978 contigerit

108 985 173 1045 sine
192 985 357 1046 offensione
376 992 406 1044 et
426 985 496 1046 odio
516 984 690 1064 plerumque
712 985 829 1063 capitali
847 986 936 1045 vitam
957 984 1076 1063 degere,

63 1082 91 1131 to
108 1075 255 1131 tutamen
271 1069 376 1129 officiis
391 1068 618 1148 municipalibus
634 1069 766 1141 iunctus,
789 1070 904 1130 honore
918 1070 1078 1130 sacerdotii

107 1154 140 1213 in
162 1153 347 1233 principibus
373 1162 441 1215 tuae
471 1155 595 1215 civitatis
625 1156 817 1233 conspicuus,
849 1155 967 1215 ordinis.
991 1155 1078 1213 etiam

108 1234 256 1314 equestris
280 1238 420 1317 dignitate
446 1239 569 1316 gradum
600 1239 824 1317 provincialium
855 1256 1076 1317 supergressus

108 1339 169 1382 non
186 1322 275 1383 modo
290 1325 353 1384 sine
368 1323 601 1402 reprehensione
616 1330 646 1385 et
660 1324 765 1384 invidia
779 1341 899 1402 semper
915 1322 1013 1392 luisti,
1028 1341 1078 1382 ve-

108 1425 176 1467 rum
199 1409 286 1468 etiam
300 1408 433 1468 omnium
455 1409 576 1469 omnino
598 1425 730 1468 amorem
753 1426 819 1468 cum
836 1409 961 1468 maxima
983 1407 1076 1484 gloria

63 1502 92 1552 15
109 1498 288 1553 consecutus
304 1511 344 1552 es.
376 1493 442 1571 quis
462 1499 522 1553 ate
537 1494 620 1553 nosci
634 1499 686 1553 aut
703 1510 738 1552 ex
760 1491 942 1570 amplissimo
959 1498 1078 1551 senatus
1096 1503 1112 1552 5

109 1576 215 1636 ordine
238 1594 298 1637 nou
321 1577 442 1655 expetiit
462 1583 512 1637 aut
528 1595 563 1638 ex
579 1575 738 1638 humiliore
754 1575 848 1654 plebis
864 1594 925 1636 non
946 1577 1077 1654 optavit?

108 1661 175 1740 quis
201 1660 370 1721 mortalium
395 1660 440 1721 vel
461 1670 492 1722 te
517 1661 588 1722 vidit
613 1661 658 1722 vel
685 1662 722 1723 de
741 1669 794 1722 tuo
815 1662 934 1721 nomine
955 1662 1077 1740 accepit,

109 1746 181 1825 quin
202 1753 232 1806 et
246 1744 312 1805 loco
327 1745 426 1805 fratris
441 1749 575 1824 germani
595 1745 696 1823 diligat
716 1753 746 1807 et
759 1747 822 1806 vice
837 1746 969 1824 parentis
990 1763 1078 1805 vene·

108 1831 211 1891 returl
234 1831 299 1908 quis
319 1831 436 1908 ignorat
451 1829 627 1907 probitatem
650 1831 790 1908 primam,
812 1829 900 1890 fidem
921 1846 1076 1896 summam,

63 1927 93 1977 tc
108 1912 319 1992 benignitatem
347 1912 565 1981 incredibilem,
608 1913 781 1975 modestiam
812 1913 1078 1992 verecundiamque

108 1998 290 2076 singularem
311 2004 469 2078 ceteraque
489 1997 677 2060 humanitatis
707 1998 803 2060 cilicia
824 2016 916 2077 penes
936 2005 965 2058 te
986 2015 1077 2058 unum

109 2100 191 2154 esse,
223 2083 390 2163 etquidem
413 2085 524 2145 maiora
547 2100 635 2160 quarn
659 2084 771 2162 possint
788 2082 913 2160 digne-a
929 2099 1077 2161 quoquam

109 2167 235 2229 retersit
270 2186 361 2247 quare
388 2174 418 2228 et
439 2165 561 2244 egebis
582 2185 662 2229 nunc
684 2167 1112 2243 commemorandis.super-o

110 2251 231 2313 sedebo.
263 2251 300 2312 de
316 2249 482 2331 eloquentia
498 2270 617 2331 quoque
631 2250 720 2320 sileo,
737 2268 825 2330 quam
845 2252 944 2310 omnia
959 2252 1078 2328 provin·

63 2347 93 2398 cb
110 2338 223 2398 ciarum
243 2343 413 2398 nostrarum
429 2333 602 2406 tribunalia,
625 2354 728 2396 omnes
749 2335 900 2413 praesides
921 2341 1077 2400 noverunt,

109 2437 198 2502 pam
220 2421 348 2500 denique
367 2419 442 2481 urbs
456 2420 549 2481 Roma
571 2428 601 2482 et
620 2419 766 2481 auditoria
780 2437 863 2480 sacra
879 2421 984 2480 mirata
999 2428 1077 2480 sunt.

108 2505 185 2566 baec
208 2521 241 2566 se
266 2511 296 2566 et
322 2504 522 2584 adpraesens
547 2511 576 2566 et
600 2505 630 2566 in
650 2505 749 2567 lutura
776 2503 894 2566 saecula
920 2505 989 2565 satis
1016 2504 1077 2582 ipsa

109 2588 255 2652 nobilitat.

174 2673 259 2736 Nunc
277 2690 347 2734 vero
369 2681 515 2752 quatenus
535 2672 574 2734 de
589 2674 636 2734 die
653 2674 744 2735 natali
760 2673 872 2743 scribo,
896 2690 994 2734 meum
1011 2690 1075 2733 mu·
1094 2677 1130 2738 16

63 2768 92 2819 to
109 2776 168 2820 mss
181 2757 298 2838 inplere
313 2757 460 2828 conabor,
476 2765 652 2837 tempusque
668 2759 860 2827 hodiernum,
878 2775 937 2836 qno
952 2757 1079 2817 maxime

109 2938 314 2946 *—

182 3047 206 3097 1.
229 3060 309 3110 quem
333 3045 404 3096 enim
426 3048 564 3105 veterum,
589 3058 703 3108 quorum
725 3044 884 3095 memoriam
907 3044 1080 3109 suspicimus,

110 3111 261 3178 prudentis
277 3138 311 3150 -
330 3113 464 3163 antistare
484 3111 606 3163 dicemus
623 3112 720 3162 cheus
740 3113 875 3163 secundum
893 3113 1080 3162 Lccbmcnmtm

109 3183 136 3230 2.
155 3180 329 3245 suscepimus
352 3181 380 3230 V
444 3183 468 3231 3.
488 3178 731 3230 sosrtrnbtuemD
800 3181 825 3231 b.
843 3192 996 3245 posrponts
1014 3192 1078 3228 enu-

109 3260 246 3299 nssceaer
263 3248 301 3309 D,
331 3250 440 3299 eormd
506 3249 530 3298 8.
554 3258 640 3299 moris
659 3247 725 3309 DV,
755 3250 869 3298 remotis
888 3247 1011 3298 Caccltius

111 3317 137 3366 9.
160 3328 226 3366 utus
243 3315 299 3366 DV
367 3317 408 3368 10.
426 3315 567 3366 secerdoti
589 3316 617 3363 V
682 3317 723 3366 13.
747 3314 984 3380 seprsehenstone
1003 3314 1028 3362 D

113 3384 154 3434 lb.
175 3383 222 3448 qui
245 3386 264 3434 d
286 3382 314 3446 (s
332 3385 419 3434 littero
437 3381 584 3448 expuncta)
656 3384 696 3434 16.
721 3396 835 3448 experts
860 3383 884 3431 D
952 3382 994 3431 27.
1016 3394 1079 3445 pre-

112 3463 178 3502 sens
200 3451 228 3499 V
293 3450 465 3515 adimplere
487 3451 515 3501 V
